%YAML 1.1
%TAG !u! tag:unity3d.com,2011:
--- !u!29 &1
OcclusionCullingSettings:
  m_ObjectHideFlags: 0
  serializedVersion: 2
  m_OcclusionBakeSettings:
    smallestOccluder: 5
    smallestHole: 0.25
    backfaceThreshold: 100
  m_SceneGUID: 00000000000000000000000000000000
  m_OcclusionCullingData: {fileID: 0}
--- !u!104 &2
RenderSettings:
  m_ObjectHideFlags: 0
  serializedVersion: 8
  m_Fog: 1
  m_FogColor: {r: 0.2647059, g: 0.25951558, b: 0.24913496, a: 1}
  m_FogMode: 1
  m_FogDensity: 0
  m_LinearFogStart: 1
  m_LinearFogEnd: 1200
  m_AmbientSkyColor: {r: 0.28219613, g: 0.28676468, b: 0.25935334, a: 1}
  m_AmbientEquatorColor: {r: 0.24232267, g: 0.2939014, b: 0.39705884, a: 1}
  m_AmbientGroundColor: {r: 0.24232267, g: 0.2939014, b: 0.39705884, a: 1}
  m_AmbientIntensity: 1
  m_AmbientMode: 3
  m_SubtractiveShadowColor: {r: 0.42, g: 0.478, b: 0.627, a: 1}
  m_SkyboxMaterial: {fileID: 2100000, guid: 95f644895c6c8694fa0dd719b71baa91, type: 2}
  m_HaloStrength: 0.5
  m_FlareStrength: 1
  m_FlareFadeSpeed: 3
  m_HaloTexture: {fileID: 0}
  m_SpotCookie: {fileID: 10001, guid: 0000000000000000e000000000000000, type: 0}
  m_DefaultReflectionMode: 0
  m_DefaultReflectionResolution: 128
  m_ReflectionBounces: 1
  m_ReflectionIntensity: 1
  m_CustomReflection: {fileID: 0}
  m_Sun: {fileID: 0}
  m_IndirectSpecularColor: {r: 0, g: 0, b: 0, a: 1}
--- !u!157 &4
LightmapSettings:
  m_ObjectHideFlags: 0
  serializedVersion: 9
  m_GIWorkflowMode: 0
  m_GISettings:
    serializedVersion: 2
    m_BounceScale: 1
    m_IndirectOutputScale: 1
    m_AlbedoBoost: 1
    m_TemporalCoherenceThreshold: 1
    m_EnvironmentLightingMode: 0
    m_EnableBakedLightmaps: 0
    m_EnableRealtimeLightmaps: 0
  m_LightmapEditorSettings:
    serializedVersion: 8
    m_Resolution: 1
    m_BakeResolution: 50
    m_TextureWidth: 1024
    m_TextureHeight: 1024
    m_AO: 0
    m_AOMaxDistance: 1
    m_CompAOExponent: 0
    m_CompAOExponentDirect: 0
    m_Padding: 2
    m_LightmapParameters: {fileID: 0}
    m_LightmapsBakeMode: 1
    m_TextureCompression: 0
    m_FinalGather: 0
    m_FinalGatherFiltering: 1
    m_FinalGatherRayCount: 1024
    m_ReflectionCompression: 2
    m_MixedBakeMode: 1
    m_BakeBackend: 0
    m_PVRSampling: 1
    m_PVRDirectSampleCount: 32
    m_PVRSampleCount: 500
    m_PVRBounces: 2
    m_PVRFiltering: 0
    m_PVRFilteringMode: 1
    m_PVRCulling: 1
    m_PVRFilteringGaussRadiusDirect: 1
    m_PVRFilteringGaussRadiusIndirect: 5
    m_PVRFilteringGaussRadiusAO: 2
    m_PVRFilteringAtrousColorSigma: 1
    m_PVRFilteringAtrousNormalSigma: 1
    m_PVRFilteringAtrousPositionSigma: 1
  m_LightingDataAsset: {fileID: 112000001, guid: 1ef1a6f2296995245a4801789d7b3c27,
    type: 2}
  m_ShadowMaskMode: 2
--- !u!196 &5
NavMeshSettings:
  serializedVersion: 2
  m_ObjectHideFlags: 0
  m_BuildSettings:
    serializedVersion: 2
    agentTypeID: 0
    agentRadius: 0.5
    agentHeight: 2
    agentSlope: 45
    agentClimb: 0.4
    ledgeDropHeight: 0
    maxJumpAcrossDistance: 0
    minRegionArea: 2
    manualCellSize: 0
    cellSize: 0.16666666
    manualTileSize: 0
    tileSize: 256
    accuratePlacement: 0
  m_NavMeshData: {fileID: 0}
--- !u!1 &5375736
GameObject:
  m_ObjectHideFlags: 0
  m_PrefabParentObject: {fileID: 165722, guid: a4d020d60b18649af92bb2a05e00d513, type: 2}
  m_PrefabInternal: {fileID: 869056396}
  serializedVersion: 5
  m_Component:
  - component: {fileID: 5375737}
  - component: {fileID: 5375738}
  m_Layer: 0
  m_Name: MountainGlow
  m_TagString: Untagged
  m_Icon: {fileID: 0}
  m_NavMeshLayer: 0
  m_StaticEditorFlags: 0
  m_IsActive: 1
--- !u!4 &5375737
Transform:
  m_ObjectHideFlags: 0
  m_PrefabParentObject: {fileID: 465722, guid: a4d020d60b18649af92bb2a05e00d513, type: 2}
  m_PrefabInternal: {fileID: 869056396}
  m_GameObject: {fileID: 5375736}
  m_LocalRotation: {x: 0, y: 0, z: 0, w: 1}
  m_LocalPosition: {x: 0, y: 0.61, z: 0}
  m_LocalScale: {x: 0.06934206, y: 0.06934206, z: 0.06934206}
  m_Children: []
  m_Father: {fileID: 230216362}
  m_RootOrder: 0
  m_LocalEulerAnglesHint: {x: 0, y: 0, z: 0}
--- !u!123 &5375738
LensFlare:
  m_ObjectHideFlags: 0
  m_PrefabParentObject: {fileID: 12365722, guid: a4d020d60b18649af92bb2a05e00d513,
    type: 2}
  m_PrefabInternal: {fileID: 869056396}
  m_GameObject: {fileID: 5375736}
  m_Enabled: 1
  m_Flare: {fileID: 12100000, guid: 4bd4faf9a6beb484485deba5aeb62c81, type: 2}
  m_Color: {r: 0.8235294, g: 0.15334684, b: 0, a: 1}
  m_Brightness: 0.2
  m_FadeSpeed: 0.1
  m_IgnoreLayers:
    serializedVersion: 2
    m_Bits: 6
  m_Directional: 0
--- !u!1 &37010226
GameObject:
  m_ObjectHideFlags: 0
  m_PrefabParentObject: {fileID: 118418, guid: a4d020d60b18649af92bb2a05e00d513, type: 2}
  m_PrefabInternal: {fileID: 869056396}
  serializedVersion: 5
  m_Component:
  - component: {fileID: 37010227}
  - component: {fileID: 37010229}
  - component: {fileID: 37010228}
  m_Layer: 5
  m_Name: AllSkyLogo
  m_TagString: Untagged
  m_Icon: {fileID: 0}
  m_NavMeshLayer: 0
  m_StaticEditorFlags: 0
  m_IsActive: 1
--- !u!224 &37010227
RectTransform:
  m_ObjectHideFlags: 0
  m_PrefabParentObject: {fileID: 22418418, guid: a4d020d60b18649af92bb2a05e00d513,
    type: 2}
  m_PrefabInternal: {fileID: 869056396}
  m_GameObject: {fileID: 37010226}
  m_LocalRotation: {x: 0, y: 0, z: 0, w: 1}
  m_LocalPosition: {x: 0, y: 0, z: 0}
  m_LocalScale: {x: 2, y: 1, z: 1}
  m_Children: []
  m_Father: {fileID: 794374909}
  m_RootOrder: 3
  m_LocalEulerAnglesHint: {x: 0, y: 0, z: 0}
  m_AnchorMin: {x: 0, y: 0}
  m_AnchorMax: {x: 0, y: 0}
  m_AnchoredPosition: {x: 99.399994, y: 44.600006}
  m_SizeDelta: {x: 100, y: 100}
  m_Pivot: {x: 0.5, y: 0.5}
--- !u!114 &37010228
MonoBehaviour:
  m_ObjectHideFlags: 0
  m_PrefabParentObject: {fileID: 11418418, guid: a4d020d60b18649af92bb2a05e00d513,
    type: 2}
  m_PrefabInternal: {fileID: 869056396}
  m_GameObject: {fileID: 37010226}
  m_Enabled: 1
  m_EditorHideFlags: 0
  m_Script: {fileID: -765806418, guid: f5f67c52d1564df4a8936ccd202a3bd8, type: 3}
  m_Name: 
  m_EditorClassIdentifier: 
  m_Material: {fileID: 2100000, guid: aa556f6275fc744de969c712a17350e7, type: 2}
  m_Color: {r: 1, g: 1, b: 1, a: 1}
  m_RaycastTarget: 1
  m_OnCullStateChanged:
    m_PersistentCalls:
      m_Calls: []
    m_TypeName: UnityEngine.UI.MaskableGraphic+CullStateChangedEvent, UnityEngine.UI,
      Version=1.0.0.0, Culture=neutral, PublicKeyToken=null
  m_Sprite: {fileID: 21300000, guid: a5075efb0c5504a389b38cf795aabf4c, type: 3}
  m_Type: 0
  m_PreserveAspect: 0
  m_FillCenter: 1
  m_FillMethod: 4
  m_FillAmount: 1
  m_FillClockwise: 1
  m_FillOrigin: 0
--- !u!222 &37010229
CanvasRenderer:
  m_ObjectHideFlags: 0
  m_PrefabParentObject: {fileID: 22218418, guid: a4d020d60b18649af92bb2a05e00d513,
    type: 2}
  m_PrefabInternal: {fileID: 869056396}
  m_GameObject: {fileID: 37010226}
--- !u!1 &41797337
GameObject:
  m_ObjectHideFlags: 0
  m_PrefabParentObject: {fileID: 111522, guid: a4d020d60b18649af92bb2a05e00d513, type: 2}
  m_PrefabInternal: {fileID: 869056396}
  serializedVersion: 5
  m_Component:
  - component: {fileID: 41797338}
  - component: {fileID: 41797341}
  - component: {fileID: 41797340}
  - component: {fileID: 41797339}
  m_Layer: 0
  m_Name: AllSky_DemoEnvironment_Light
  m_TagString: Untagged
  m_Icon: {fileID: 0}
  m_NavMeshLayer: 0
  m_StaticEditorFlags: 0
  m_IsActive: 1
--- !u!4 &41797338
Transform:
  m_ObjectHideFlags: 0
  m_PrefabParentObject: {fileID: 411522, guid: a4d020d60b18649af92bb2a05e00d513, type: 2}
  m_PrefabInternal: {fileID: 869056396}
  m_GameObject: {fileID: 41797337}
  m_LocalRotation: {x: -0.70356476, y: 0.07068698, z: 0.07068698, w: 0.70356476}
  m_LocalPosition: {x: 70.64, y: 17.02, z: -11.6}
  m_LocalScale: {x: 1, y: 1, z: 1}
  m_Children: []
  m_Father: {fileID: 1613676275}
  m_RootOrder: 13
  m_LocalEulerAnglesHint: {x: 0, y: 0, z: 0}
--- !u!95 &41797339
Animator:
  serializedVersion: 3
  m_ObjectHideFlags: 0
  m_PrefabParentObject: {fileID: 9511524, guid: a4d020d60b18649af92bb2a05e00d513,
    type: 2}
  m_PrefabInternal: {fileID: 869056396}
  m_GameObject: {fileID: 41797337}
  m_Enabled: 1
  m_Avatar: {fileID: 9000000, guid: a86608a16093647c082aa3ccf69d2558, type: 3}
  m_Controller: {fileID: 0}
  m_CullingMode: 0
  m_UpdateMode: 0
  m_ApplyRootMotion: 1
  m_LinearVelocityBlending: 0
  m_WarningMessage: 
  m_HasTransformHierarchy: 1
  m_AllowConstantClipSamplingOptimization: 1
--- !u!23 &41797340
MeshRenderer:
  m_ObjectHideFlags: 0
  m_PrefabParentObject: {fileID: 2311524, guid: a4d020d60b18649af92bb2a05e00d513,
    type: 2}
  m_PrefabInternal: {fileID: 869056396}
  m_GameObject: {fileID: 41797337}
  m_Enabled: 1
  m_CastShadows: 1
  m_ReceiveShadows: 1
  m_MotionVectors: 1
  m_LightProbeUsage: 0
  m_ReflectionProbeUsage: 1
  m_Materials:
  - {fileID: 2100000, guid: 05aa87d4636d34850a6f48daedd1b55c, type: 2}
  - {fileID: 2100000, guid: a7f9f8058b27648f4ba9ed54ced4ac00, type: 2}
  m_StaticBatchInfo:
    firstSubMesh: 0
    subMeshCount: 0
  m_StaticBatchRoot: {fileID: 0}
  m_ProbeAnchor: {fileID: 0}
  m_LightProbeVolumeOverride: {fileID: 0}
  m_ScaleInLightmap: 1
  m_PreserveUVs: 0
  m_IgnoreNormalsForChartDetection: 0
  m_ImportantGI: 0
  m_SelectedEditorRenderState: 3
  m_MinimumChartSize: 4
  m_AutoUVMaxDistance: 0.5
  m_AutoUVMaxAngle: 89
  m_LightmapParameters: {fileID: 0}
  m_SortingLayerID: 0
  m_SortingLayer: 0
  m_SortingOrder: 0
--- !u!33 &41797341
MeshFilter:
  m_ObjectHideFlags: 0
  m_PrefabParentObject: {fileID: 3311524, guid: a4d020d60b18649af92bb2a05e00d513,
    type: 2}
  m_PrefabInternal: {fileID: 869056396}
  m_GameObject: {fileID: 41797337}
  m_Mesh: {fileID: 4300000, guid: a86608a16093647c082aa3ccf69d2558, type: 3}
--- !u!1 &135525863
GameObject:
  m_ObjectHideFlags: 0
  m_PrefabParentObject: {fileID: 127676, guid: a4d020d60b18649af92bb2a05e00d513, type: 2}
  m_PrefabInternal: {fileID: 869056396}
  serializedVersion: 5
  m_Component:
  - component: {fileID: 135525864}
  - component: {fileID: 135525866}
  - component: {fileID: 135525865}
  m_Layer: 5
  m_Name: Gradient
  m_TagString: Untagged
  m_Icon: {fileID: 0}
  m_NavMeshLayer: 0
  m_StaticEditorFlags: 0
  m_IsActive: 1
--- !u!224 &135525864
RectTransform:
  m_ObjectHideFlags: 0
  m_PrefabParentObject: {fileID: 22427676, guid: a4d020d60b18649af92bb2a05e00d513,
    type: 2}
  m_PrefabInternal: {fileID: 869056396}
  m_GameObject: {fileID: 135525863}
  m_LocalRotation: {x: 0, y: 0, z: 0, w: 1}
  m_LocalPosition: {x: 0, y: 0, z: 0}
  m_LocalScale: {x: 1, y: 1, z: 1}
  m_Children: []
  m_Father: {fileID: 794374909}
  m_RootOrder: 0
  m_LocalEulerAnglesHint: {x: 0, y: 0, z: 0}
  m_AnchorMin: {x: 0, y: 0}
  m_AnchorMax: {x: 1, y: 0}
  m_AnchoredPosition: {x: 0, y: 45.100006}
  m_SizeDelta: {x: 0, y: 100}
  m_Pivot: {x: 0.5, y: 0.5}
--- !u!114 &135525865
MonoBehaviour:
  m_ObjectHideFlags: 0
  m_PrefabParentObject: {fileID: 11427676, guid: a4d020d60b18649af92bb2a05e00d513,
    type: 2}
  m_PrefabInternal: {fileID: 869056396}
  m_GameObject: {fileID: 135525863}
  m_Enabled: 1
  m_EditorHideFlags: 0
  m_Script: {fileID: -765806418, guid: f5f67c52d1564df4a8936ccd202a3bd8, type: 3}
  m_Name: 
  m_EditorClassIdentifier: 
  m_Material: {fileID: 0}
  m_Color: {r: 1, g: 1, b: 1, a: 1}
  m_RaycastTarget: 1
  m_OnCullStateChanged:
    m_PersistentCalls:
      m_Calls: []
    m_TypeName: UnityEngine.UI.MaskableGraphic+CullStateChangedEvent, UnityEngine.UI,
      Version=1.0.0.0, Culture=neutral, PublicKeyToken=null
  m_Sprite: {fileID: 21300000, guid: 5fcdc8d88900447cbacc2451e4e54427, type: 3}
  m_Type: 0
  m_PreserveAspect: 0
  m_FillCenter: 1
  m_FillMethod: 4
  m_FillAmount: 1
  m_FillClockwise: 1
  m_FillOrigin: 0
--- !u!222 &135525866
CanvasRenderer:
  m_ObjectHideFlags: 0
  m_PrefabParentObject: {fileID: 22227676, guid: a4d020d60b18649af92bb2a05e00d513,
    type: 2}
  m_PrefabInternal: {fileID: 869056396}
  m_GameObject: {fileID: 135525863}
--- !u!1 &172755781
GameObject:
  m_ObjectHideFlags: 0
  m_PrefabParentObject: {fileID: 118416, guid: a4d020d60b18649af92bb2a05e00d513, type: 2}
  m_PrefabInternal: {fileID: 869056396}
  serializedVersion: 5
  m_Component:
  - component: {fileID: 172755782}
  - component: {fileID: 172755784}
  - component: {fileID: 172755783}
  m_Layer: 5
  m_Name: Text_DemoEnv
  m_TagString: Untagged
  m_Icon: {fileID: 0}
  m_NavMeshLayer: 0
  m_StaticEditorFlags: 0
  m_IsActive: 1
--- !u!224 &172755782
RectTransform:
  m_ObjectHideFlags: 0
  m_PrefabParentObject: {fileID: 22418416, guid: a4d020d60b18649af92bb2a05e00d513,
    type: 2}
  m_PrefabInternal: {fileID: 869056396}
  m_GameObject: {fileID: 172755781}
  m_LocalRotation: {x: 0, y: 0.00000041787274, z: 0, w: 1}
  m_LocalPosition: {x: 0, y: 0, z: 0.00020241861}
  m_LocalScale: {x: 1, y: 1, z: 1}
  m_Children: []
  m_Father: {fileID: 794374909}
  m_RootOrder: 2
  m_LocalEulerAnglesHint: {x: 0, y: 0, z: 0}
  m_AnchorMin: {x: 0, y: 0}
  m_AnchorMax: {x: 0, y: 0}
  m_AnchoredPosition: {x: 414.8, y: -17.300049}
  m_SizeDelta: {x: 800, y: 83}
  m_Pivot: {x: 0.5, y: 0.5}
--- !u!114 &172755783
MonoBehaviour:
  m_ObjectHideFlags: 0
  m_PrefabParentObject: {fileID: 11418416, guid: a4d020d60b18649af92bb2a05e00d513,
    type: 2}
  m_PrefabInternal: {fileID: 869056396}
  m_GameObject: {fileID: 172755781}
  m_Enabled: 1
  m_EditorHideFlags: 0
  m_Script: {fileID: 708705254, guid: f5f67c52d1564df4a8936ccd202a3bd8, type: 3}
  m_Name: 
  m_EditorClassIdentifier: 
  m_Material: {fileID: 0}
  m_Color: {r: 1, g: 1, b: 1, a: 0.63529414}
  m_RaycastTarget: 1
  m_OnCullStateChanged:
    m_PersistentCalls:
      m_Calls: []
    m_TypeName: UnityEngine.UI.MaskableGraphic+CullStateChangedEvent, UnityEngine.UI,
      Version=1.0.0.0, Culture=neutral, PublicKeyToken=null
  m_FontData:
    m_Font: {fileID: 10102, guid: 0000000000000000e000000000000000, type: 0}
    m_FontSize: 14
    m_FontStyle: 0
    m_BestFit: 0
    m_MinSize: 10
    m_MaxSize: 40
    m_Alignment: 0
    m_AlignByGeometry: 0
    m_RichText: 1
    m_HorizontalOverflow: 0
    m_VerticalOverflow: 0
    m_LineSpacing: 1
  m_Text: Demo Environments (Deferred Render, Linear Lighting)
--- !u!222 &172755784
CanvasRenderer:
  m_ObjectHideFlags: 0
  m_PrefabParentObject: {fileID: 22218416, guid: a4d020d60b18649af92bb2a05e00d513,
    type: 2}
  m_PrefabInternal: {fileID: 869056396}
  m_GameObject: {fileID: 172755781}
--- !u!1 &230216361
GameObject:
  m_ObjectHideFlags: 0
  m_PrefabParentObject: {fileID: 165720, guid: a4d020d60b18649af92bb2a05e00d513, type: 2}
  m_PrefabInternal: {fileID: 869056396}
  serializedVersion: 5
  m_Component:
  - component: {fileID: 230216362}
  - component: {fileID: 230216365}
  - component: {fileID: 230216364}
  - component: {fileID: 230216363}
  m_Layer: 0
  m_Name: MountainGlowObject
  m_TagString: Untagged
  m_Icon: {fileID: 0}
  m_NavMeshLayer: 0
  m_StaticEditorFlags: 0
  m_IsActive: 1
--- !u!4 &230216362
Transform:
  m_ObjectHideFlags: 0
  m_PrefabParentObject: {fileID: 465720, guid: a4d020d60b18649af92bb2a05e00d513, type: 2}
  m_PrefabInternal: {fileID: 869056396}
  m_GameObject: {fileID: 230216361}
  m_LocalRotation: {x: 0, y: 0, z: 0, w: 1}
  m_LocalPosition: {x: -559.2, y: 278.1, z: 528.9}
  m_LocalScale: {x: 9.436284, y: 9.436287, z: 9.436287}
  m_Children:
  - {fileID: 5375737}
  - {fileID: 1091260409}
  m_Father: {fileID: 1613676275}
  m_RootOrder: 17
  m_LocalEulerAnglesHint: {x: 0, y: 0, z: 0}
--- !u!23 &230216363
MeshRenderer:
  m_ObjectHideFlags: 0
  m_PrefabParentObject: {fileID: 2365722, guid: a4d020d60b18649af92bb2a05e00d513,
    type: 2}
  m_PrefabInternal: {fileID: 869056396}
  m_GameObject: {fileID: 230216361}
  m_Enabled: 1
  m_CastShadows: 1
  m_ReceiveShadows: 1
  m_MotionVectors: 1
  m_LightProbeUsage: 0
  m_ReflectionProbeUsage: 1
  m_Materials:
  - {fileID: 2100000, guid: 413befd66bdd84d569871d0524b4685a, type: 2}
  m_StaticBatchInfo:
    firstSubMesh: 0
    subMeshCount: 0
  m_StaticBatchRoot: {fileID: 0}
  m_ProbeAnchor: {fileID: 0}
  m_LightProbeVolumeOverride: {fileID: 0}
  m_ScaleInLightmap: 1
  m_PreserveUVs: 0
  m_IgnoreNormalsForChartDetection: 0
  m_ImportantGI: 0
  m_SelectedEditorRenderState: 3
  m_MinimumChartSize: 4
  m_AutoUVMaxDistance: 0.5
  m_AutoUVMaxAngle: 89
  m_LightmapParameters: {fileID: 0}
  m_SortingLayerID: 0
  m_SortingLayer: 0
  m_SortingOrder: 0
--- !u!135 &230216364
SphereCollider:
  m_ObjectHideFlags: 0
  m_PrefabParentObject: {fileID: 13565722, guid: a4d020d60b18649af92bb2a05e00d513,
    type: 2}
  m_PrefabInternal: {fileID: 869056396}
  m_GameObject: {fileID: 230216361}
  m_Material: {fileID: 0}
  m_IsTrigger: 0
  m_Enabled: 1
  serializedVersion: 2
  m_Radius: 0.5
  m_Center: {x: 0, y: 0, z: 0}
--- !u!33 &230216365
MeshFilter:
  m_ObjectHideFlags: 0
  m_PrefabParentObject: {fileID: 3365722, guid: a4d020d60b18649af92bb2a05e00d513,
    type: 2}
  m_PrefabInternal: {fileID: 869056396}
  m_GameObject: {fileID: 230216361}
  m_Mesh: {fileID: 10207, guid: 0000000000000000e000000000000000, type: 0}
--- !u!1 &335872745
GameObject:
  m_ObjectHideFlags: 0
  m_PrefabParentObject: {fileID: 109850, guid: a4d020d60b18649af92bb2a05e00d513, type: 2}
  m_PrefabInternal: {fileID: 869056396}
  serializedVersion: 5
  m_Component:
  - component: {fileID: 335872746}
  - component: {fileID: 335872747}
  m_Layer: 0
  m_Name: Point light
  m_TagString: Untagged
  m_Icon: {fileID: 0}
  m_NavMeshLayer: 0
  m_StaticEditorFlags: 0
  m_IsActive: 1
--- !u!4 &335872746
Transform:
  m_ObjectHideFlags: 0
  m_PrefabParentObject: {fileID: 409850, guid: a4d020d60b18649af92bb2a05e00d513, type: 2}
  m_PrefabInternal: {fileID: 869056396}
  m_GameObject: {fileID: 335872745}
  m_LocalRotation: {x: 0, y: 0, z: 0, w: 1}
  m_LocalPosition: {x: 13.9, y: 18.2, z: 69.6}
  m_LocalScale: {x: 1, y: 1, z: 1}
  m_Children: []
  m_Father: {fileID: 1613676275}
  m_RootOrder: 3
  m_LocalEulerAnglesHint: {x: 0, y: 0, z: 0}
--- !u!108 &335872747
Light:
  m_ObjectHideFlags: 0
  m_PrefabParentObject: {fileID: 10809850, guid: a4d020d60b18649af92bb2a05e00d513,
    type: 2}
  m_PrefabInternal: {fileID: 869056396}
  m_GameObject: {fileID: 335872745}
  m_Enabled: 1
  serializedVersion: 8
  m_Type: 2
  m_Color: {r: 1, g: 0.5939148, b: 0.33088237, a: 1}
  m_Intensity: 0.79774064
  m_Range: 69.46
  m_SpotAngle: 30
  m_CookieSize: 10
  m_Shadows:
    m_Type: 0
    m_Resolution: -1
    m_CustomResolution: -1
    m_Strength: 1
    m_Bias: 0.05
    m_NormalBias: 0.4
    m_NearPlane: 0.2
  m_Cookie: {fileID: 0}
  m_DrawHalo: 0
  m_Flare: {fileID: 0}
  m_RenderMode: 0
  m_CullingMask:
    serializedVersion: 2
    m_Bits: 4294967295
  m_Lightmapping: 1
  m_AreaSize: {x: 1, y: 1}
  m_BounceIntensity: 1
  m_ColorTemperature: 6570
  m_UseColorTemperature: 0
  m_ShadowRadius: 0
  m_ShadowAngle: 0
--- !u!1 &380881009
GameObject:
  m_ObjectHideFlags: 0
  m_PrefabParentObject: {fileID: 122300, guid: 6e58b6f7d760a4942b5d1887cdb4a815, type: 2}
  m_PrefabInternal: {fileID: 2083837370}
  serializedVersion: 5
  m_Component:
  - component: {fileID: 380881011}
  - component: {fileID: 380881010}
  m_Layer: 0
  m_Name: SunGlow
  m_TagString: Untagged
  m_Icon: {fileID: 0}
  m_NavMeshLayer: 0
  m_StaticEditorFlags: 0
  m_IsActive: 1
--- !u!123 &380881010
LensFlare:
  m_ObjectHideFlags: 0
  m_PrefabParentObject: {fileID: 12322300, guid: 6e58b6f7d760a4942b5d1887cdb4a815,
    type: 2}
  m_PrefabInternal: {fileID: 2083837370}
  m_GameObject: {fileID: 380881009}
  m_Enabled: 1
  m_Flare: {fileID: 12100000, guid: 436034cf81451448691149d6bc008327, type: 2}
  m_Color: {r: 0.30147058, g: 0.30147058, b: 0.30147058, a: 1}
  m_Brightness: 0.08
  m_FadeSpeed: 0.1
  m_IgnoreLayers:
    serializedVersion: 2
    m_Bits: 6
  m_Directional: 0
--- !u!4 &380881011
Transform:
  m_ObjectHideFlags: 0
  m_PrefabParentObject: {fileID: 422300, guid: 6e58b6f7d760a4942b5d1887cdb4a815, type: 2}
  m_PrefabInternal: {fileID: 2083837370}
  m_GameObject: {fileID: 380881009}
  m_LocalRotation: {x: 0, y: 0, z: 0, w: 1}
  m_LocalPosition: {x: 1438, y: 9395, z: 32625}
  m_LocalScale: {x: 1, y: 1, z: 1}
  m_Children: []
  m_Father: {fileID: 0}
  m_RootOrder: 2
  m_LocalEulerAnglesHint: {x: 0, y: 0, z: 0}
--- !u!1 &528543184
GameObject:
  m_ObjectHideFlags: 0
  m_PrefabParentObject: {fileID: 137552, guid: a4d020d60b18649af92bb2a05e00d513, type: 2}
  m_PrefabInternal: {fileID: 869056396}
  serializedVersion: 5
  m_Component:
  - component: {fileID: 528543185}
  - component: {fileID: 528543187}
  - component: {fileID: 528543186}
  m_Layer: 5
  m_Name: Text_SkyRes
  m_TagString: Untagged
  m_Icon: {fileID: 0}
  m_NavMeshLayer: 0
  m_StaticEditorFlags: 0
  m_IsActive: 0
--- !u!224 &528543185
RectTransform:
  m_ObjectHideFlags: 0
  m_PrefabParentObject: {fileID: 22483558, guid: a4d020d60b18649af92bb2a05e00d513,
    type: 2}
  m_PrefabInternal: {fileID: 869056396}
  m_GameObject: {fileID: 528543184}
  m_LocalRotation: {x: 0, y: 0.00000041723246, z: 0, w: 1}
  m_LocalPosition: {x: 0, y: 0, z: -0.00018717097}
  m_LocalScale: {x: 1, y: 1, z: 1}
  m_Children: []
  m_Father: {fileID: 794374909}
  m_RootOrder: 1
  m_LocalEulerAnglesHint: {x: 0, y: 0, z: 0}
  m_AnchorMin: {x: 1, y: 0}
  m_AnchorMax: {x: 1, y: 0}
  m_AnchoredPosition: {x: -62.30005, y: -17.30011}
  m_SizeDelta: {x: 800, y: 83}
  m_Pivot: {x: 0.5, y: 0.5}
--- !u!114 &528543186
MonoBehaviour:
  m_ObjectHideFlags: 0
  m_PrefabParentObject: {fileID: 11486782, guid: a4d020d60b18649af92bb2a05e00d513,
    type: 2}
  m_PrefabInternal: {fileID: 869056396}
  m_GameObject: {fileID: 528543184}
  m_Enabled: 1
  m_EditorHideFlags: 0
  m_Script: {fileID: 708705254, guid: f5f67c52d1564df4a8936ccd202a3bd8, type: 3}
  m_Name: 
  m_EditorClassIdentifier: 
  m_Material: {fileID: 0}
  m_Color: {r: 1, g: 1, b: 1, a: 0.63529414}
  m_RaycastTarget: 1
  m_OnCullStateChanged:
    m_PersistentCalls:
      m_Calls: []
    m_TypeName: UnityEngine.UI.MaskableGraphic+CullStateChangedEvent, UnityEngine.UI,
      Version=1.0.0.0, Culture=neutral, PublicKeyToken=null
  m_FontData:
    m_Font: {fileID: 10102, guid: 0000000000000000e000000000000000, type: 0}
    m_FontSize: 14
    m_FontStyle: 0
    m_BestFit: 0
    m_MinSize: 10
    m_MaxSize: 40
    m_Alignment: 0
    m_AlignByGeometry: 0
    m_RichText: 1
    m_HorizontalOverflow: 0
    m_VerticalOverflow: 0
    m_LineSpacing: 1
  m_Text: "Sky resolution can be increased on texture inspector panel.\x03"
--- !u!222 &528543187
CanvasRenderer:
  m_ObjectHideFlags: 0
  m_PrefabParentObject: {fileID: 22275520, guid: a4d020d60b18649af92bb2a05e00d513,
    type: 2}
  m_PrefabInternal: {fileID: 869056396}
  m_GameObject: {fileID: 528543184}
--- !u!1 &645368233
GameObject:
  m_ObjectHideFlags: 0
  m_PrefabParentObject: {fileID: 143670, guid: a4d020d60b18649af92bb2a05e00d513, type: 2}
  m_PrefabInternal: {fileID: 869056396}
  serializedVersion: 5
  m_Component:
  - component: {fileID: 645368234}
  - component: {fileID: 645368235}
  m_Layer: 0
  m_Name: Point light
  m_TagString: Untagged
  m_Icon: {fileID: 0}
  m_NavMeshLayer: 0
  m_StaticEditorFlags: 0
  m_IsActive: 1
--- !u!4 &645368234
Transform:
  m_ObjectHideFlags: 0
  m_PrefabParentObject: {fileID: 443670, guid: a4d020d60b18649af92bb2a05e00d513, type: 2}
  m_PrefabInternal: {fileID: 869056396}
  m_GameObject: {fileID: 645368233}
  m_LocalRotation: {x: 0, y: 0, z: 0, w: 1}
  m_LocalPosition: {x: -0.11163661, y: 1.1386985, z: 0.038274024}
  m_LocalScale: {x: 0.15948157, y: 0.15948159, z: 0.15948159}
  m_Children: []
  m_Father: {fileID: 770560654}
  m_RootOrder: 1
  m_LocalEulerAnglesHint: {x: 0, y: 0, z: 0}
--- !u!108 &645368235
Light:
  m_ObjectHideFlags: 0
  m_PrefabParentObject: {fileID: 10843674, guid: a4d020d60b18649af92bb2a05e00d513,
    type: 2}
  m_PrefabInternal: {fileID: 869056396}
  m_GameObject: {fileID: 645368233}
  m_Enabled: 1
  serializedVersion: 8
  m_Type: 2
  m_Color: {r: 0.9632353, g: 0.17936105, b: 0, a: 1}
  m_Intensity: 0.84
  m_Range: 288.7775
  m_SpotAngle: 30
  m_CookieSize: 10
  m_Shadows:
    m_Type: 0
    m_Resolution: -1
    m_CustomResolution: -1
    m_Strength: 1
    m_Bias: 0.05
    m_NormalBias: 0.4
    m_NearPlane: 0.2
  m_Cookie: {fileID: 0}
  m_DrawHalo: 0
  m_Flare: {fileID: 0}
  m_RenderMode: 0
  m_CullingMask:
    serializedVersion: 2
    m_Bits: 4294967295
  m_Lightmapping: 1
  m_AreaSize: {x: 1, y: 1}
  m_BounceIntensity: 1
  m_ColorTemperature: 6570
  m_UseColorTemperature: 0
  m_ShadowRadius: 0
  m_ShadowAngle: 0
--- !u!1 &730207875
GameObject:
  m_ObjectHideFlags: 0
  m_PrefabParentObject: {fileID: 172400, guid: a4d020d60b18649af92bb2a05e00d513, type: 2}
  m_PrefabInternal: {fileID: 869056396}
  serializedVersion: 5
  m_Component:
  - component: {fileID: 730207876}
  - component: {fileID: 730207879}
  - component: {fileID: 730207878}
  - component: {fileID: 730207877}
  m_Layer: 0
  m_Name: AllSky_DemoEnvironment_Center
  m_TagString: Untagged
  m_Icon: {fileID: 0}
  m_NavMeshLayer: 0
  m_StaticEditorFlags: 0
  m_IsActive: 1
--- !u!4 &730207876
Transform:
  m_ObjectHideFlags: 0
  m_PrefabParentObject: {fileID: 472400, guid: a4d020d60b18649af92bb2a05e00d513, type: 2}
  m_PrefabInternal: {fileID: 869056396}
  m_GameObject: {fileID: 730207875}
  m_LocalRotation: {x: 0, y: 0.7071068, z: 0.7071068, w: 0}
  m_LocalPosition: {x: 0, y: 0, z: 0}
  m_LocalScale: {x: 1, y: 1, z: 1}
  m_Children: []
  m_Father: {fileID: 1613676275}
  m_RootOrder: 0
  m_LocalEulerAnglesHint: {x: 0, y: 0, z: 0}
--- !u!64 &730207877
MeshCollider:
  m_ObjectHideFlags: 0
  m_PrefabParentObject: {fileID: 6401868, guid: a4d020d60b18649af92bb2a05e00d513,
    type: 2}
  m_PrefabInternal: {fileID: 869056396}
  m_GameObject: {fileID: 730207875}
  m_Material: {fileID: 0}
  m_IsTrigger: 0
  m_Enabled: 1
  serializedVersion: 2
  m_Convex: 0
  m_InflateMesh: 0
  m_SkinWidth: 0.01
  m_Mesh: {fileID: 4300000, guid: 6f81d87fbcb2648b0835af8c7c1cd3fb, type: 3}
--- !u!23 &730207878
MeshRenderer:
  m_ObjectHideFlags: 0
  m_PrefabParentObject: {fileID: 2372400, guid: a4d020d60b18649af92bb2a05e00d513,
    type: 2}
  m_PrefabInternal: {fileID: 869056396}
  m_GameObject: {fileID: 730207875}
  m_Enabled: 1
  m_CastShadows: 1
  m_ReceiveShadows: 1
  m_MotionVectors: 1
  m_LightProbeUsage: 0
  m_ReflectionProbeUsage: 1
  m_Materials:
  - {fileID: 2100000, guid: 179503e6ea7a5414da971761ed8ad6a1, type: 2}
  - {fileID: 2100000, guid: 2e6761ef29bab414093fbcc3d8b98559, type: 2}
  - {fileID: 2100000, guid: 13177a7929fc94508aeae20a9a650440, type: 2}
  - {fileID: 2100000, guid: eba7c646abc914766b797ce6e6b6aef8, type: 2}
  - {fileID: 2100000, guid: e647ded4fdda54d5c82ce352c1b0be01, type: 2}
  - {fileID: 2100000, guid: fbc2e1c016c544198be90cefecf38f0f, type: 2}
  - {fileID: 2100000, guid: 174e7977166824bf49a2c2f4b54fd066, type: 2}
  - {fileID: 2100000, guid: 6e219c5ff336949179da2590886e94eb, type: 2}
  - {fileID: 2100000, guid: 3386ea1f916284d438a5d95882e39fd6, type: 2}
  - {fileID: 2100000, guid: 5f35d0bb3bb3e45048ec76b0a3157c01, type: 2}
  m_StaticBatchInfo:
    firstSubMesh: 0
    subMeshCount: 0
  m_StaticBatchRoot: {fileID: 0}
  m_ProbeAnchor: {fileID: 0}
  m_LightProbeVolumeOverride: {fileID: 0}
  m_ScaleInLightmap: 1
  m_PreserveUVs: 0
  m_IgnoreNormalsForChartDetection: 0
  m_ImportantGI: 0
  m_SelectedEditorRenderState: 3
  m_MinimumChartSize: 4
  m_AutoUVMaxDistance: 0.5
  m_AutoUVMaxAngle: 89
  m_LightmapParameters: {fileID: 0}
  m_SortingLayerID: 0
  m_SortingLayer: 0
  m_SortingOrder: 0
--- !u!33 &730207879
MeshFilter:
  m_ObjectHideFlags: 0
  m_PrefabParentObject: {fileID: 3372400, guid: a4d020d60b18649af92bb2a05e00d513,
    type: 2}
  m_PrefabInternal: {fileID: 869056396}
  m_GameObject: {fileID: 730207875}
  m_Mesh: {fileID: 4300000, guid: 6f81d87fbcb2648b0835af8c7c1cd3fb, type: 3}
--- !u!1 &743499417
GameObject:
  m_ObjectHideFlags: 0
  m_PrefabParentObject: {fileID: 124194, guid: a4d020d60b18649af92bb2a05e00d513, type: 2}
  m_PrefabInternal: {fileID: 869056396}
  serializedVersion: 5
  m_Component:
  - component: {fileID: 743499418}
  - component: {fileID: 743499421}
  - component: {fileID: 743499420}
  - component: {fileID: 743499419}
  m_Layer: 0
  m_Name: MountainGlowObject
  m_TagString: Untagged
  m_Icon: {fileID: 0}
  m_NavMeshLayer: 0
  m_StaticEditorFlags: 0
  m_IsActive: 1
--- !u!4 &743499418
Transform:
  m_ObjectHideFlags: 0
  m_PrefabParentObject: {fileID: 424194, guid: a4d020d60b18649af92bb2a05e00d513, type: 2}
  m_PrefabInternal: {fileID: 869056396}
  m_GameObject: {fileID: 743499417}
  m_LocalRotation: {x: 0, y: 0, z: 0, w: 1}
  m_LocalPosition: {x: 257.05, y: 256.72, z: 710.12}
  m_LocalScale: {x: 9.1256075, y: 9.125607, z: 9.125607}
  m_Children:
  - {fileID: 1257829353}
  - {fileID: 1574148473}
  m_Father: {fileID: 1613676275}
  m_RootOrder: 18
  m_LocalEulerAnglesHint: {x: 0, y: 0, z: 0}
--- !u!23 &743499419
MeshRenderer:
  m_ObjectHideFlags: 0
  m_PrefabParentObject: {fileID: 2324192, guid: a4d020d60b18649af92bb2a05e00d513,
    type: 2}
  m_PrefabInternal: {fileID: 869056396}
  m_GameObject: {fileID: 743499417}
  m_Enabled: 1
  m_CastShadows: 1
  m_ReceiveShadows: 1
  m_MotionVectors: 1
  m_LightProbeUsage: 0
  m_ReflectionProbeUsage: 1
  m_Materials:
  - {fileID: 2100000, guid: 413befd66bdd84d569871d0524b4685a, type: 2}
  m_StaticBatchInfo:
    firstSubMesh: 0
    subMeshCount: 0
  m_StaticBatchRoot: {fileID: 0}
  m_ProbeAnchor: {fileID: 0}
  m_LightProbeVolumeOverride: {fileID: 0}
  m_ScaleInLightmap: 1
  m_PreserveUVs: 0
  m_IgnoreNormalsForChartDetection: 0
  m_ImportantGI: 0
  m_SelectedEditorRenderState: 3
  m_MinimumChartSize: 4
  m_AutoUVMaxDistance: 0.5
  m_AutoUVMaxAngle: 89
  m_LightmapParameters: {fileID: 0}
  m_SortingLayerID: 0
  m_SortingLayer: 0
  m_SortingOrder: 0
--- !u!135 &743499420
SphereCollider:
  m_ObjectHideFlags: 0
  m_PrefabParentObject: {fileID: 13524192, guid: a4d020d60b18649af92bb2a05e00d513,
    type: 2}
  m_PrefabInternal: {fileID: 869056396}
  m_GameObject: {fileID: 743499417}
  m_Material: {fileID: 0}
  m_IsTrigger: 0
  m_Enabled: 1
  serializedVersion: 2
  m_Radius: 0.5
  m_Center: {x: 0, y: 0, z: 0}
--- !u!33 &743499421
MeshFilter:
  m_ObjectHideFlags: 0
  m_PrefabParentObject: {fileID: 3324192, guid: a4d020d60b18649af92bb2a05e00d513,
    type: 2}
  m_PrefabInternal: {fileID: 869056396}
  m_GameObject: {fileID: 743499417}
  m_Mesh: {fileID: 10207, guid: 0000000000000000e000000000000000, type: 0}
--- !u!1 &770560653
GameObject:
  m_ObjectHideFlags: 0
  m_PrefabParentObject: {fileID: 143672, guid: a4d020d60b18649af92bb2a05e00d513, type: 2}
  m_PrefabInternal: {fileID: 869056396}
  serializedVersion: 5
  m_Component:
  - component: {fileID: 770560654}
  - component: {fileID: 770560657}
  - component: {fileID: 770560656}
  - component: {fileID: 770560655}
  m_Layer: 0
  m_Name: MountainGlowObject
  m_TagString: Untagged
  m_Icon: {fileID: 0}
  m_NavMeshLayer: 0
  m_StaticEditorFlags: 0
  m_IsActive: 1
--- !u!4 &770560654
Transform:
  m_ObjectHideFlags: 0
  m_PrefabParentObject: {fileID: 443672, guid: a4d020d60b18649af92bb2a05e00d513, type: 2}
  m_PrefabInternal: {fileID: 869056396}
  m_GameObject: {fileID: 770560653}
  m_LocalRotation: {x: 0, y: 0, z: 0, w: 1}
  m_LocalPosition: {x: 192.4, y: 211.66, z: -514.54}
  m_LocalScale: {x: 6.270317, y: 6.2703166, z: 6.2703166}
  m_Children:
  - {fileID: 1025013265}
  - {fileID: 645368234}
  m_Father: {fileID: 1613676275}
  m_RootOrder: 16
  m_LocalEulerAnglesHint: {x: 0, y: 0, z: 0}
--- !u!23 &770560655
MeshRenderer:
  m_ObjectHideFlags: 0
  m_PrefabParentObject: {fileID: 2343674, guid: a4d020d60b18649af92bb2a05e00d513,
    type: 2}
  m_PrefabInternal: {fileID: 869056396}
  m_GameObject: {fileID: 770560653}
  m_Enabled: 1
  m_CastShadows: 1
  m_ReceiveShadows: 1
  m_MotionVectors: 1
  m_LightProbeUsage: 0
  m_ReflectionProbeUsage: 1
  m_Materials:
  - {fileID: 2100000, guid: 413befd66bdd84d569871d0524b4685a, type: 2}
  m_StaticBatchInfo:
    firstSubMesh: 0
    subMeshCount: 0
  m_StaticBatchRoot: {fileID: 0}
  m_ProbeAnchor: {fileID: 0}
  m_LightProbeVolumeOverride: {fileID: 0}
  m_ScaleInLightmap: 1
  m_PreserveUVs: 0
  m_IgnoreNormalsForChartDetection: 0
  m_ImportantGI: 0
  m_SelectedEditorRenderState: 3
  m_MinimumChartSize: 4
  m_AutoUVMaxDistance: 0.5
  m_AutoUVMaxAngle: 89
  m_LightmapParameters: {fileID: 0}
  m_SortingLayerID: 0
  m_SortingLayer: 0
  m_SortingOrder: 0
--- !u!135 &770560656
SphereCollider:
  m_ObjectHideFlags: 0
  m_PrefabParentObject: {fileID: 13543674, guid: a4d020d60b18649af92bb2a05e00d513,
    type: 2}
  m_PrefabInternal: {fileID: 869056396}
  m_GameObject: {fileID: 770560653}
  m_Material: {fileID: 0}
  m_IsTrigger: 0
  m_Enabled: 1
  serializedVersion: 2
  m_Radius: 0.5
  m_Center: {x: 0, y: 0, z: 0}
--- !u!33 &770560657
MeshFilter:
  m_ObjectHideFlags: 0
  m_PrefabParentObject: {fileID: 3343674, guid: a4d020d60b18649af92bb2a05e00d513,
    type: 2}
  m_PrefabInternal: {fileID: 869056396}
  m_GameObject: {fileID: 770560653}
  m_Mesh: {fileID: 10207, guid: 0000000000000000e000000000000000, type: 0}
--- !u!1 &794374908
GameObject:
  m_ObjectHideFlags: 0
  m_PrefabParentObject: {fileID: 118414, guid: a4d020d60b18649af92bb2a05e00d513, type: 2}
  m_PrefabInternal: {fileID: 869056396}
  serializedVersion: 5
  m_Component:
  - component: {fileID: 794374909}
  - component: {fileID: 794374912}
  - component: {fileID: 794374911}
  - component: {fileID: 794374910}
  m_Layer: 5
  m_Name: Canvas
  m_TagString: Untagged
  m_Icon: {fileID: 0}
  m_NavMeshLayer: 0
  m_StaticEditorFlags: 0
  m_IsActive: 1
--- !u!224 &794374909
RectTransform:
  m_ObjectHideFlags: 0
  m_PrefabParentObject: {fileID: 22418414, guid: a4d020d60b18649af92bb2a05e00d513,
    type: 2}
  m_PrefabInternal: {fileID: 869056396}
  m_GameObject: {fileID: 794374908}
  m_LocalRotation: {x: 0, y: 0, z: 0, w: 1}
  m_LocalPosition: {x: 0, y: 0, z: 0}
  m_LocalScale: {x: 0, y: 0, z: 0}
  m_Children:
  - {fileID: 135525864}
  - {fileID: 528543185}
  - {fileID: 172755782}
  - {fileID: 37010227}
  - {fileID: 1165643721}
  m_Father: {fileID: 1613676275}
  m_RootOrder: 19
  m_LocalEulerAnglesHint: {x: 0, y: 0, z: 0}
  m_AnchorMin: {x: 0, y: 0}
  m_AnchorMax: {x: 0, y: 0}
  m_AnchoredPosition: {x: 0, y: 0}
  m_SizeDelta: {x: 0, y: 0}
  m_Pivot: {x: 0, y: 0}
--- !u!114 &794374910
MonoBehaviour:
  m_ObjectHideFlags: 0
  m_PrefabParentObject: {fileID: 11418414, guid: a4d020d60b18649af92bb2a05e00d513,
    type: 2}
  m_PrefabInternal: {fileID: 869056396}
  m_GameObject: {fileID: 794374908}
  m_Enabled: 1
  m_EditorHideFlags: 0
  m_Script: {fileID: 1301386320, guid: f5f67c52d1564df4a8936ccd202a3bd8, type: 3}
  m_Name: 
  m_EditorClassIdentifier: 
  m_IgnoreReversedGraphics: 1
  m_BlockingObjects: 0
  m_BlockingMask:
    serializedVersion: 2
    m_Bits: 4294967295
--- !u!114 &794374911
MonoBehaviour:
  m_ObjectHideFlags: 0
  m_PrefabParentObject: {fileID: 11418412, guid: a4d020d60b18649af92bb2a05e00d513,
    type: 2}
  m_PrefabInternal: {fileID: 869056396}
  m_GameObject: {fileID: 794374908}
  m_Enabled: 1
  m_EditorHideFlags: 0
  m_Script: {fileID: 1980459831, guid: f5f67c52d1564df4a8936ccd202a3bd8, type: 3}
  m_Name: 
  m_EditorClassIdentifier: 
  m_UiScaleMode: 0
  m_ReferencePixelsPerUnit: 100
  m_ScaleFactor: 1
  m_ReferenceResolution: {x: 800, y: 600}
  m_ScreenMatchMode: 0
  m_MatchWidthOrHeight: 0.71
  m_PhysicalUnit: 3
  m_FallbackScreenDPI: 96
  m_DefaultSpriteDPI: 96
  m_DynamicPixelsPerUnit: 1
--- !u!223 &794374912
Canvas:
  m_ObjectHideFlags: 0
  m_PrefabParentObject: {fileID: 22318418, guid: a4d020d60b18649af92bb2a05e00d513,
    type: 2}
  m_PrefabInternal: {fileID: 869056396}
  m_GameObject: {fileID: 794374908}
  m_Enabled: 1
  serializedVersion: 3
  m_RenderMode: 1
  m_Camera: {fileID: 1168446066}
  m_PlaneDistance: 5
  m_PixelPerfect: 0
  m_ReceivesEvents: 1
  m_OverrideSorting: 0
  m_OverridePixelPerfect: 0
  m_SortingBucketNormalizedSize: 0
  m_AdditionalShaderChannelsFlag: 25
  m_SortingLayerID: 0
  m_SortingOrder: 0
  m_TargetDisplay: 0
--- !u!1 &820047566
GameObject:
  m_ObjectHideFlags: 0
  m_PrefabParentObject: {fileID: 101872, guid: a4d020d60b18649af92bb2a05e00d513, type: 2}
  m_PrefabInternal: {fileID: 869056396}
  serializedVersion: 5
  m_Component:
  - component: {fileID: 820047567}
  - component: {fileID: 820047570}
  - component: {fileID: 820047569}
  - component: {fileID: 820047568}
  m_Layer: 0
  m_Name: AllSky_DemoEnvironment_Light
  m_TagString: Untagged
  m_Icon: {fileID: 0}
  m_NavMeshLayer: 0
  m_StaticEditorFlags: 0
  m_IsActive: 1
--- !u!4 &820047567
Transform:
  m_ObjectHideFlags: 0
  m_PrefabParentObject: {fileID: 401872, guid: a4d020d60b18649af92bb2a05e00d513, type: 2}
  m_PrefabInternal: {fileID: 869056396}
  m_GameObject: {fileID: 820047566}
  m_LocalRotation: {x: -0.70356476, y: 0.07068687, z: 0.070686854, w: 0.70356476}
  m_LocalPosition: {x: 5.1, y: 18.93, z: 66.29}
  m_LocalScale: {x: 1, y: 1, z: 1}
  m_Children: []
  m_Father: {fileID: 1613676275}
  m_RootOrder: 9
  m_LocalEulerAnglesHint: {x: 0, y: 0, z: 0}
--- !u!95 &820047568
Animator:
  serializedVersion: 3
  m_ObjectHideFlags: 0
  m_PrefabParentObject: {fileID: 9501872, guid: a4d020d60b18649af92bb2a05e00d513,
    type: 2}
  m_PrefabInternal: {fileID: 869056396}
  m_GameObject: {fileID: 820047566}
  m_Enabled: 1
  m_Avatar: {fileID: 9000000, guid: a86608a16093647c082aa3ccf69d2558, type: 3}
  m_Controller: {fileID: 0}
  m_CullingMode: 0
  m_UpdateMode: 0
  m_ApplyRootMotion: 1
  m_LinearVelocityBlending: 0
  m_WarningMessage: 
  m_HasTransformHierarchy: 1
  m_AllowConstantClipSamplingOptimization: 1
--- !u!23 &820047569
MeshRenderer:
  m_ObjectHideFlags: 0
  m_PrefabParentObject: {fileID: 2301872, guid: a4d020d60b18649af92bb2a05e00d513,
    type: 2}
  m_PrefabInternal: {fileID: 869056396}
  m_GameObject: {fileID: 820047566}
  m_Enabled: 1
  m_CastShadows: 1
  m_ReceiveShadows: 1
  m_MotionVectors: 1
  m_LightProbeUsage: 0
  m_ReflectionProbeUsage: 1
  m_Materials:
  - {fileID: 2100000, guid: 05aa87d4636d34850a6f48daedd1b55c, type: 2}
  - {fileID: 2100000, guid: a7f9f8058b27648f4ba9ed54ced4ac00, type: 2}
  m_StaticBatchInfo:
    firstSubMesh: 0
    subMeshCount: 0
  m_StaticBatchRoot: {fileID: 0}
  m_ProbeAnchor: {fileID: 0}
  m_LightProbeVolumeOverride: {fileID: 0}
  m_ScaleInLightmap: 1
  m_PreserveUVs: 0
  m_IgnoreNormalsForChartDetection: 0
  m_ImportantGI: 0
  m_SelectedEditorRenderState: 3
  m_MinimumChartSize: 4
  m_AutoUVMaxDistance: 0.5
  m_AutoUVMaxAngle: 89
  m_LightmapParameters: {fileID: 0}
  m_SortingLayerID: 0
  m_SortingLayer: 0
  m_SortingOrder: 0
--- !u!33 &820047570
MeshFilter:
  m_ObjectHideFlags: 0
  m_PrefabParentObject: {fileID: 3301872, guid: a4d020d60b18649af92bb2a05e00d513,
    type: 2}
  m_PrefabInternal: {fileID: 869056396}
  m_GameObject: {fileID: 820047566}
  m_Mesh: {fileID: 4300000, guid: a86608a16093647c082aa3ccf69d2558, type: 3}
--- !u!1001 &869056396
Prefab:
  m_ObjectHideFlags: 0
  serializedVersion: 2
  m_Modification:
    m_TransformParent: {fileID: 0}
    m_Modifications:
    - target: {fileID: 459908, guid: a4d020d60b18649af92bb2a05e00d513, type: 2}
      propertyPath: m_LocalPosition.x
      value: -0
      objectReference: {fileID: 0}
    - target: {fileID: 459908, guid: a4d020d60b18649af92bb2a05e00d513, type: 2}
      propertyPath: m_LocalPosition.y
      value: 0
      objectReference: {fileID: 0}
    - target: {fileID: 459908, guid: a4d020d60b18649af92bb2a05e00d513, type: 2}
      propertyPath: m_LocalPosition.z
      value: 0
      objectReference: {fileID: 0}
    - target: {fileID: 459908, guid: a4d020d60b18649af92bb2a05e00d513, type: 2}
      propertyPath: m_LocalRotation.x
      value: 0
      objectReference: {fileID: 0}
    - target: {fileID: 459908, guid: a4d020d60b18649af92bb2a05e00d513, type: 2}
      propertyPath: m_LocalRotation.y
      value: 0
      objectReference: {fileID: 0}
    - target: {fileID: 459908, guid: a4d020d60b18649af92bb2a05e00d513, type: 2}
      propertyPath: m_LocalRotation.z
      value: 0
      objectReference: {fileID: 0}
    - target: {fileID: 459908, guid: a4d020d60b18649af92bb2a05e00d513, type: 2}
      propertyPath: m_LocalRotation.w
      value: 1
      objectReference: {fileID: 0}
    - target: {fileID: 459908, guid: a4d020d60b18649af92bb2a05e00d513, type: 2}
      propertyPath: m_RootOrder
      value: 1
      objectReference: {fileID: 0}
    m_RemovedComponents: []
  m_ParentPrefab: {fileID: 100100000, guid: a4d020d60b18649af92bb2a05e00d513, type: 2}
  m_RootGameObject: {fileID: 1613676274}
  m_IsPrefabParent: 0
--- !u!1 &1025013264
GameObject:
  m_ObjectHideFlags: 0
  m_PrefabParentObject: {fileID: 143674, guid: a4d020d60b18649af92bb2a05e00d513, type: 2}
  m_PrefabInternal: {fileID: 869056396}
  serializedVersion: 5
  m_Component:
  - component: {fileID: 1025013265}
  - component: {fileID: 1025013266}
  m_Layer: 0
  m_Name: MountainGlow
  m_TagString: Untagged
  m_Icon: {fileID: 0}
  m_NavMeshLayer: 0
  m_StaticEditorFlags: 0
  m_IsActive: 1
--- !u!4 &1025013265
Transform:
  m_ObjectHideFlags: 0
  m_PrefabParentObject: {fileID: 443674, guid: a4d020d60b18649af92bb2a05e00d513, type: 2}
  m_PrefabInternal: {fileID: 869056396}
  m_GameObject: {fileID: 1025013264}
  m_LocalRotation: {x: 0, y: 0, z: 0, w: 1}
  m_LocalPosition: {x: 0, y: 0.61, z: 0}
  m_LocalScale: {x: 0.06934206, y: 0.06934206, z: 0.06934206}
  m_Children: []
  m_Father: {fileID: 770560654}
  m_RootOrder: 0
  m_LocalEulerAnglesHint: {x: 0, y: 0, z: 0}
--- !u!123 &1025013266
LensFlare:
  m_ObjectHideFlags: 0
  m_PrefabParentObject: {fileID: 12343674, guid: a4d020d60b18649af92bb2a05e00d513,
    type: 2}
  m_PrefabInternal: {fileID: 869056396}
  m_GameObject: {fileID: 1025013264}
  m_Enabled: 1
  m_Flare: {fileID: 12100000, guid: 4bd4faf9a6beb484485deba5aeb62c81, type: 2}
  m_Color: {r: 0.8235294, g: 0.15334684, b: 0, a: 1}
  m_Brightness: 0.2
  m_FadeSpeed: 0.1
  m_IgnoreLayers:
    serializedVersion: 2
    m_Bits: 6
  m_Directional: 0
--- !u!1 &1029471120
GameObject:
  m_ObjectHideFlags: 0
  m_PrefabParentObject: {fileID: 154384, guid: a4d020d60b18649af92bb2a05e00d513, type: 2}
  m_PrefabInternal: {fileID: 869056396}
  serializedVersion: 5
  m_Component:
  - component: {fileID: 1029471121}
  - component: {fileID: 1029471122}
  m_Layer: 0
  m_Name: Point light
  m_TagString: Untagged
  m_Icon: {fileID: 0}
  m_NavMeshLayer: 0
  m_StaticEditorFlags: 0
  m_IsActive: 1
--- !u!4 &1029471121
Transform:
  m_ObjectHideFlags: 0
  m_PrefabParentObject: {fileID: 454384, guid: a4d020d60b18649af92bb2a05e00d513, type: 2}
  m_PrefabInternal: {fileID: 869056396}
  m_GameObject: {fileID: 1029471120}
  m_LocalRotation: {x: 0, y: 0, z: 0, w: 1}
  m_LocalPosition: {x: -3.3, y: 18.2, z: -44.7}
  m_LocalScale: {x: 1, y: 1, z: 1}
  m_Children: []
  m_Father: {fileID: 1613676275}
  m_RootOrder: 4
  m_LocalEulerAnglesHint: {x: 0, y: 0, z: 0}
--- !u!108 &1029471122
Light:
  m_ObjectHideFlags: 0
  m_PrefabParentObject: {fileID: 10854384, guid: a4d020d60b18649af92bb2a05e00d513,
    type: 2}
  m_PrefabInternal: {fileID: 869056396}
  m_GameObject: {fileID: 1029471120}
  m_Enabled: 1
  serializedVersion: 8
  m_Type: 2
  m_Color: {r: 1, g: 0.5939148, b: 0.33088237, a: 1}
  m_Intensity: 0.79774064
  m_Range: 69.46
  m_SpotAngle: 30
  m_CookieSize: 10
  m_Shadows:
    m_Type: 0
    m_Resolution: -1
    m_CustomResolution: -1
    m_Strength: 1
    m_Bias: 0.05
    m_NormalBias: 0.4
    m_NearPlane: 0.2
  m_Cookie: {fileID: 0}
  m_DrawHalo: 0
  m_Flare: {fileID: 0}
  m_RenderMode: 0
  m_CullingMask:
    serializedVersion: 2
    m_Bits: 4294967295
  m_Lightmapping: 1
  m_AreaSize: {x: 1, y: 1}
  m_BounceIntensity: 1
  m_ColorTemperature: 6570
  m_UseColorTemperature: 0
  m_ShadowRadius: 0
  m_ShadowAngle: 0
--- !u!1 &1040383564
GameObject:
  m_ObjectHideFlags: 0
  m_PrefabParentObject: {fileID: 111524, guid: a4d020d60b18649af92bb2a05e00d513, type: 2}
  m_PrefabInternal: {fileID: 869056396}
  serializedVersion: 5
  m_Component:
  - component: {fileID: 1040383565}
  - component: {fileID: 1040383566}
  m_Layer: 0
  m_Name: Point light
  m_TagString: Untagged
  m_Icon: {fileID: 0}
  m_NavMeshLayer: 0
  m_StaticEditorFlags: 0
  m_IsActive: 1
--- !u!4 &1040383565
Transform:
  m_ObjectHideFlags: 0
  m_PrefabParentObject: {fileID: 411524, guid: a4d020d60b18649af92bb2a05e00d513, type: 2}
  m_PrefabInternal: {fileID: 869056396}
  m_GameObject: {fileID: 1040383564}
  m_LocalRotation: {x: 0, y: 0, z: 0, w: 1}
  m_LocalPosition: {x: 72.14, y: 18.34, z: -12}
  m_LocalScale: {x: 1, y: 1, z: 1}
  m_Children: []
  m_Father: {fileID: 1613676275}
  m_RootOrder: 7
  m_LocalEulerAnglesHint: {x: 0, y: 0, z: 0}
--- !u!108 &1040383566
Light:
  m_ObjectHideFlags: 0
  m_PrefabParentObject: {fileID: 10811524, guid: a4d020d60b18649af92bb2a05e00d513,
    type: 2}
  m_PrefabInternal: {fileID: 869056396}
  m_GameObject: {fileID: 1040383564}
  m_Enabled: 1
  serializedVersion: 8
  m_Type: 2
  m_Color: {r: 1, g: 0.5939148, b: 0.33088237, a: 1}
  m_Intensity: 0.79774064
  m_Range: 69.46
  m_SpotAngle: 30
  m_CookieSize: 10
  m_Shadows:
    m_Type: 0
    m_Resolution: -1
    m_CustomResolution: -1
    m_Strength: 1
    m_Bias: 0.05
    m_NormalBias: 0.4
    m_NearPlane: 0.2
  m_Cookie: {fileID: 0}
  m_DrawHalo: 0
  m_Flare: {fileID: 0}
  m_RenderMode: 0
  m_CullingMask:
    serializedVersion: 2
    m_Bits: 4294967295
  m_Lightmapping: 1
  m_AreaSize: {x: 1, y: 1}
  m_BounceIntensity: 1
  m_ColorTemperature: 6570
  m_UseColorTemperature: 0
  m_ShadowRadius: 0
  m_ShadowAngle: 0
--- !u!1 &1091260408
GameObject:
  m_ObjectHideFlags: 0
  m_PrefabParentObject: {fileID: 181006, guid: a4d020d60b18649af92bb2a05e00d513, type: 2}
  m_PrefabInternal: {fileID: 869056396}
  serializedVersion: 5
  m_Component:
  - component: {fileID: 1091260409}
  - component: {fileID: 1091260410}
  m_Layer: 0
  m_Name: Point light
  m_TagString: Untagged
  m_Icon: {fileID: 0}
  m_NavMeshLayer: 0
  m_StaticEditorFlags: 0
  m_IsActive: 1
--- !u!4 &1091260409
Transform:
  m_ObjectHideFlags: 0
  m_PrefabParentObject: {fileID: 481006, guid: a4d020d60b18649af92bb2a05e00d513, type: 2}
  m_PrefabInternal: {fileID: 869056396}
  m_GameObject: {fileID: 1091260408}
  m_LocalRotation: {x: 0, y: 0, z: 0, w: 1}
  m_LocalPosition: {x: -0.11163661, y: 1.1386985, z: 0.038274024}
  m_LocalScale: {x: 0.15948157, y: 0.15948159, z: 0.15948159}
  m_Children: []
  m_Father: {fileID: 230216362}
  m_RootOrder: 1
  m_LocalEulerAnglesHint: {x: 0, y: 0, z: 0}
--- !u!108 &1091260410
Light:
  m_ObjectHideFlags: 0
  m_PrefabParentObject: {fileID: 10881006, guid: a4d020d60b18649af92bb2a05e00d513,
    type: 2}
  m_PrefabInternal: {fileID: 869056396}
  m_GameObject: {fileID: 1091260408}
  m_Enabled: 1
  serializedVersion: 8
  m_Type: 2
  m_Color: {r: 0.9632353, g: 0.17936105, b: 0, a: 1}
  m_Intensity: 0.84
  m_Range: 288.7775
  m_SpotAngle: 30
  m_CookieSize: 10
  m_Shadows:
    m_Type: 0
    m_Resolution: -1
    m_CustomResolution: -1
    m_Strength: 1
    m_Bias: 0.05
    m_NormalBias: 0.4
    m_NearPlane: 0.2
  m_Cookie: {fileID: 0}
  m_DrawHalo: 0
  m_Flare: {fileID: 0}
  m_RenderMode: 0
  m_CullingMask:
    serializedVersion: 2
    m_Bits: 4294967295
  m_Lightmapping: 1
  m_AreaSize: {x: 1, y: 1}
  m_BounceIntensity: 1
  m_ColorTemperature: 6570
  m_UseColorTemperature: 0
  m_ShadowRadius: 0
  m_ShadowAngle: 0
--- !u!1 &1103566241
GameObject:
  m_ObjectHideFlags: 0
  m_PrefabParentObject: {fileID: 188586, guid: a4d020d60b18649af92bb2a05e00d513, type: 2}
  m_PrefabInternal: {fileID: 869056396}
  serializedVersion: 5
  m_Component:
  - component: {fileID: 1103566242}
  - component: {fileID: 1103566243}
  m_Layer: 0
  m_Name: Point light
  m_TagString: Untagged
  m_Icon: {fileID: 0}
  m_NavMeshLayer: 0
  m_StaticEditorFlags: 0
  m_IsActive: 1
--- !u!4 &1103566242
Transform:
  m_ObjectHideFlags: 0
  m_PrefabParentObject: {fileID: 488586, guid: a4d020d60b18649af92bb2a05e00d513, type: 2}
  m_PrefabInternal: {fileID: 869056396}
  m_GameObject: {fileID: 1103566241}
  m_LocalRotation: {x: 0, y: 0, z: 0, w: 1}
  m_LocalPosition: {x: -4.31, y: 20.03, z: -65.59}
  m_LocalScale: {x: 1, y: 1, z: 1}
  m_Children: []
  m_Father: {fileID: 1613676275}
  m_RootOrder: 12
  m_LocalEulerAnglesHint: {x: 0, y: 0, z: 0}
--- !u!108 &1103566243
Light:
  m_ObjectHideFlags: 0
  m_PrefabParentObject: {fileID: 10888586, guid: a4d020d60b18649af92bb2a05e00d513,
    type: 2}
  m_PrefabInternal: {fileID: 869056396}
  m_GameObject: {fileID: 1103566241}
  m_Enabled: 1
  serializedVersion: 8
  m_Type: 2
  m_Color: {r: 1, g: 0.5939148, b: 0.33088237, a: 1}
  m_Intensity: 0.79774064
  m_Range: 69.46
  m_SpotAngle: 30
  m_CookieSize: 10
  m_Shadows:
    m_Type: 0
    m_Resolution: -1
    m_CustomResolution: -1
    m_Strength: 1
    m_Bias: 0.05
    m_NormalBias: 0.4
    m_NearPlane: 0.2
  m_Cookie: {fileID: 0}
  m_DrawHalo: 0
  m_Flare: {fileID: 0}
  m_RenderMode: 0
  m_CullingMask:
    serializedVersion: 2
    m_Bits: 4294967295
  m_Lightmapping: 1
  m_AreaSize: {x: 1, y: 1}
  m_BounceIntensity: 1
  m_ColorTemperature: 6570
  m_UseColorTemperature: 0
  m_ShadowRadius: 0
  m_ShadowAngle: 0
--- !u!1 &1165643720
GameObject:
  m_ObjectHideFlags: 0
  m_PrefabParentObject: {fileID: 159398, guid: a4d020d60b18649af92bb2a05e00d513, type: 2}
  m_PrefabInternal: {fileID: 869056396}
  serializedVersion: 5
  m_Component:
  - component: {fileID: 1165643721}
  - component: {fileID: 1165643723}
  - component: {fileID: 1165643722}
  m_Layer: 5
  m_Name: HowToUpResSkies
  m_TagString: Untagged
  m_Icon: {fileID: 0}
  m_NavMeshLayer: 0
  m_StaticEditorFlags: 0
  m_IsActive: 0
--- !u!224 &1165643721
RectTransform:
  m_ObjectHideFlags: 0
  m_PrefabParentObject: {fileID: 22459398, guid: a4d020d60b18649af92bb2a05e00d513,
    type: 2}
  m_PrefabInternal: {fileID: 869056396}
  m_GameObject: {fileID: 1165643720}
  m_LocalRotation: {x: 0, y: 0, z: 0, w: 1}
  m_LocalPosition: {x: 0, y: 0, z: 0}
  m_LocalScale: {x: 8, y: 2, z: 1}
  m_Children: []
  m_Father: {fileID: 794374909}
  m_RootOrder: 4
  m_LocalEulerAnglesHint: {x: 0, y: 0, z: 0}
  m_AnchorMin: {x: 1, y: 0}
  m_AnchorMax: {x: 1, y: 0}
  m_AnchoredPosition: {x: -287.6, y: 81.2}
  m_SizeDelta: {x: 100, y: 100}
  m_Pivot: {x: 0.5, y: 0.5}
--- !u!114 &1165643722
MonoBehaviour:
  m_ObjectHideFlags: 0
  m_PrefabParentObject: {fileID: 11459398, guid: a4d020d60b18649af92bb2a05e00d513,
    type: 2}
  m_PrefabInternal: {fileID: 869056396}
  m_GameObject: {fileID: 1165643720}
  m_Enabled: 1
  m_EditorHideFlags: 0
  m_Script: {fileID: -765806418, guid: f5f67c52d1564df4a8936ccd202a3bd8, type: 3}
  m_Name: 
  m_EditorClassIdentifier: 
  m_Material: {fileID: 0}
  m_Color: {r: 1, g: 1, b: 1, a: 1}
  m_RaycastTarget: 1
  m_OnCullStateChanged:
    m_PersistentCalls:
      m_Calls: []
    m_TypeName: UnityEngine.UI.MaskableGraphic+CullStateChangedEvent, UnityEngine.UI,
      Version=1.0.0.0, Culture=neutral, PublicKeyToken=null
  m_Sprite: {fileID: 21300000, guid: 5f86fefc3a6bd4b1998b38ab48808f10, type: 3}
  m_Type: 0
  m_PreserveAspect: 0
  m_FillCenter: 1
  m_FillMethod: 4
  m_FillAmount: 1
  m_FillClockwise: 1
  m_FillOrigin: 0
--- !u!222 &1165643723
CanvasRenderer:
  m_ObjectHideFlags: 0
  m_PrefabParentObject: {fileID: 22259398, guid: a4d020d60b18649af92bb2a05e00d513,
    type: 2}
  m_PrefabInternal: {fileID: 869056396}
  m_GameObject: {fileID: 1165643720}
--- !u!1 &1168446065
GameObject:
  m_ObjectHideFlags: 0
  m_PrefabParentObject: {fileID: 129746, guid: a4d020d60b18649af92bb2a05e00d513, type: 2}
  m_PrefabInternal: {fileID: 869056396}
  serializedVersion: 5
  m_Component:
  - component: {fileID: 1168446070}
  - component: {fileID: 1168446066}
  - component: {fileID: 1168446069}
  - component: {fileID: 1168446068}
  - component: {fileID: 1168446067}
  m_Layer: 0
  m_Name: Camera
  m_TagString: Untagged
  m_Icon: {fileID: 0}
  m_NavMeshLayer: 0
  m_StaticEditorFlags: 0
  m_IsActive: 1
--- !u!20 &1168446066
Camera:
  m_ObjectHideFlags: 0
  m_PrefabParentObject: {fileID: 2029746, guid: a4d020d60b18649af92bb2a05e00d513,
    type: 2}
  m_PrefabInternal: {fileID: 869056396}
  m_GameObject: {fileID: 1168446065}
  m_Enabled: 1
  serializedVersion: 2
  m_ClearFlags: 1
  m_BackGroundColor: {r: 0.19215687, g: 0.3019608, b: 0.4745098, a: 0.019607844}
  m_NormalizedViewPortRect:
    serializedVersion: 2
    x: 0
    y: 0
    width: 1
    height: 1
  near clip plane: 0.3
  far clip plane: 1000
  field of view: 80
  orthographic: 0
  orthographic size: 5
  m_Depth: 0
  m_CullingMask:
    serializedVersion: 2
    m_Bits: 4294967295
  m_RenderingPath: 1
  m_TargetTexture: {fileID: 0}
  m_TargetDisplay: 0
  m_TargetEye: 3
  m_HDR: 0
  m_AllowMSAA: 1
  m_ForceIntoRT: 0
  m_OcclusionCulling: 1
  m_StereoConvergence: 10
  m_StereoSeparation: 0.022
  m_StereoMirrorMode: 0
--- !u!81 &1168446067
AudioListener:
  m_ObjectHideFlags: 0
  m_PrefabParentObject: {fileID: 8129746, guid: a4d020d60b18649af92bb2a05e00d513,
    type: 2}
  m_PrefabInternal: {fileID: 869056396}
  m_GameObject: {fileID: 1168446065}
  m_Enabled: 1
--- !u!92 &1168446068
Behaviour:
  m_ObjectHideFlags: 0
  m_PrefabParentObject: {fileID: 9229746, guid: a4d020d60b18649af92bb2a05e00d513,
    type: 2}
  m_PrefabInternal: {fileID: 869056396}
  m_GameObject: {fileID: 1168446065}
  m_Enabled: 1
--- !u!124 &1168446069
Behaviour:
  m_ObjectHideFlags: 0
  m_PrefabParentObject: {fileID: 12429746, guid: a4d020d60b18649af92bb2a05e00d513,
    type: 2}
  m_PrefabInternal: {fileID: 869056396}
  m_GameObject: {fileID: 1168446065}
  m_Enabled: 1
--- !u!4 &1168446070
Transform:
  m_ObjectHideFlags: 0
  m_PrefabParentObject: {fileID: 429746, guid: a4d020d60b18649af92bb2a05e00d513, type: 2}
  m_PrefabInternal: {fileID: 869056396}
  m_GameObject: {fileID: 1168446065}
  m_LocalRotation: {x: -0.07414172, y: 0.5446158, z: 0.04971558, w: 0.8339215}
  m_LocalPosition: {x: -155.7, y: 84.5, z: -67.5}
  m_LocalScale: {x: 1, y: 1, z: 1}
  m_Children: []
  m_Father: {fileID: 1613676275}
  m_RootOrder: 2
  m_LocalEulerAnglesHint: {x: -10.242001, y: 66.284004, z: 0.126}
--- !u!1 &1192864539
GameObject:
  m_ObjectHideFlags: 0
  m_PrefabParentObject: {fileID: 0}
  m_PrefabInternal: {fileID: 0}
  serializedVersion: 5
  m_Component:
  - component: {fileID: 1192864541}
  - component: {fileID: 1192864540}
  m_Layer: 0
  m_Name: Directional light
  m_TagString: Untagged
  m_Icon: {fileID: 0}
  m_NavMeshLayer: 0
  m_StaticEditorFlags: 0
  m_IsActive: 1
--- !u!108 &1192864540
Light:
  m_ObjectHideFlags: 0
  m_PrefabParentObject: {fileID: 0}
  m_PrefabInternal: {fileID: 0}
  m_GameObject: {fileID: 1192864539}
  m_Enabled: 1
  serializedVersion: 8
  m_Type: 1
  m_Color: {r: 0.9705882, g: 0.8667987, b: 0.72080445, a: 1}
  m_Intensity: 0.58
  m_Range: 10
  m_SpotAngle: 30
  m_CookieSize: 10
  m_Shadows:
    m_Type: 1
    m_Resolution: -1
    m_CustomResolution: -1
    m_Strength: 1
    m_Bias: 1.019
    m_NormalBias: 0
    m_NearPlane: 0.1
  m_Cookie: {fileID: 0}
  m_DrawHalo: 0
  m_Flare: {fileID: 0}
  m_RenderMode: 0
  m_CullingMask:
    serializedVersion: 2
    m_Bits: 4294967295
  m_Lightmapping: 4
  m_AreaSize: {x: 1, y: 1}
  m_BounceIntensity: 1
  m_ColorTemperature: 6570
  m_UseColorTemperature: 0
  m_ShadowRadius: 0
  m_ShadowAngle: 0
--- !u!4 &1192864541
Transform:
  m_ObjectHideFlags: 0
  m_PrefabParentObject: {fileID: 0}
  m_PrefabInternal: {fileID: 0}
  m_GameObject: {fileID: 1192864539}
  m_LocalRotation: {x: 0.96569014, y: 0.0010400702, z: -0.004926651, w: 0.25964823}
  m_LocalPosition: {x: 0.532, y: 5.679, z: 4.574}
  m_LocalScale: {x: 1, y: 1, z: 1}
  m_Children: []
  m_Father: {fileID: 0}
  m_RootOrder: 0
  m_LocalEulerAnglesHint: {x: 149.901, y: 0.59399414, z: 0.035995483}
--- !u!1 &1240698734
GameObject:
  m_ObjectHideFlags: 0
  m_PrefabParentObject: {fileID: 101874, guid: a4d020d60b18649af92bb2a05e00d513, type: 2}
  m_PrefabInternal: {fileID: 869056396}
  serializedVersion: 5
  m_Component:
  - component: {fileID: 1240698735}
  - component: {fileID: 1240698738}
  - component: {fileID: 1240698737}
  - component: {fileID: 1240698736}
  m_Layer: 0
  m_Name: AllSky_DemoEnvironment_Light
  m_TagString: Untagged
  m_Icon: {fileID: 0}
  m_NavMeshLayer: 0
  m_StaticEditorFlags: 0
  m_IsActive: 1
--- !u!4 &1240698735
Transform:
  m_ObjectHideFlags: 0
  m_PrefabParentObject: {fileID: 401874, guid: a4d020d60b18649af92bb2a05e00d513, type: 2}
  m_PrefabInternal: {fileID: 869056396}
  m_GameObject: {fileID: 1240698734}
  m_LocalRotation: {x: -4.32978e-17, y: 0.7071067, z: 0.7071068, w: -4.3297806e-17}
  m_LocalPosition: {x: 15.59, y: 17.94, z: 51.57}
  m_LocalScale: {x: 1, y: 1, z: 1}
  m_Children: []
  m_Father: {fileID: 1613676275}
  m_RootOrder: 8
  m_LocalEulerAnglesHint: {x: 0, y: 0, z: 0}
--- !u!95 &1240698736
Animator:
  serializedVersion: 3
  m_ObjectHideFlags: 0
  m_PrefabParentObject: {fileID: 9501874, guid: a4d020d60b18649af92bb2a05e00d513,
    type: 2}
  m_PrefabInternal: {fileID: 869056396}
  m_GameObject: {fileID: 1240698734}
  m_Enabled: 1
  m_Avatar: {fileID: 9000000, guid: a86608a16093647c082aa3ccf69d2558, type: 3}
  m_Controller: {fileID: 0}
  m_CullingMode: 0
  m_UpdateMode: 0
  m_ApplyRootMotion: 1
  m_LinearVelocityBlending: 0
  m_WarningMessage: 
  m_HasTransformHierarchy: 1
  m_AllowConstantClipSamplingOptimization: 1
--- !u!23 &1240698737
MeshRenderer:
  m_ObjectHideFlags: 0
  m_PrefabParentObject: {fileID: 2301874, guid: a4d020d60b18649af92bb2a05e00d513,
    type: 2}
  m_PrefabInternal: {fileID: 869056396}
  m_GameObject: {fileID: 1240698734}
  m_Enabled: 1
  m_CastShadows: 1
  m_ReceiveShadows: 1
  m_MotionVectors: 1
  m_LightProbeUsage: 0
  m_ReflectionProbeUsage: 1
  m_Materials:
  - {fileID: 2100000, guid: 05aa87d4636d34850a6f48daedd1b55c, type: 2}
  - {fileID: 2100000, guid: a7f9f8058b27648f4ba9ed54ced4ac00, type: 2}
  m_StaticBatchInfo:
    firstSubMesh: 0
    subMeshCount: 0
  m_StaticBatchRoot: {fileID: 0}
  m_ProbeAnchor: {fileID: 0}
  m_LightProbeVolumeOverride: {fileID: 0}
  m_ScaleInLightmap: 1
  m_PreserveUVs: 0
  m_IgnoreNormalsForChartDetection: 0
  m_ImportantGI: 0
  m_SelectedEditorRenderState: 3
  m_MinimumChartSize: 4
  m_AutoUVMaxDistance: 0.5
  m_AutoUVMaxAngle: 89
  m_LightmapParameters: {fileID: 0}
  m_SortingLayerID: 0
  m_SortingLayer: 0
  m_SortingOrder: 0
--- !u!33 &1240698738
MeshFilter:
  m_ObjectHideFlags: 0
  m_PrefabParentObject: {fileID: 3301874, guid: a4d020d60b18649af92bb2a05e00d513,
    type: 2}
  m_PrefabInternal: {fileID: 869056396}
  m_GameObject: {fileID: 1240698734}
  m_Mesh: {fileID: 4300000, guid: a86608a16093647c082aa3ccf69d2558, type: 3}
--- !u!1 &1257829352
GameObject:
  m_ObjectHideFlags: 0
  m_PrefabParentObject: {fileID: 124192, guid: a4d020d60b18649af92bb2a05e00d513, type: 2}
  m_PrefabInternal: {fileID: 869056396}
  serializedVersion: 5
  m_Component:
  - component: {fileID: 1257829353}
  - component: {fileID: 1257829354}
  m_Layer: 0
  m_Name: MountainGlow
  m_TagString: Untagged
  m_Icon: {fileID: 0}
  m_NavMeshLayer: 0
  m_StaticEditorFlags: 0
  m_IsActive: 1
--- !u!4 &1257829353
Transform:
  m_ObjectHideFlags: 0
  m_PrefabParentObject: {fileID: 424192, guid: a4d020d60b18649af92bb2a05e00d513, type: 2}
  m_PrefabInternal: {fileID: 869056396}
  m_GameObject: {fileID: 1257829352}
  m_LocalRotation: {x: 0, y: 0, z: 0, w: 1}
  m_LocalPosition: {x: 0, y: 0.61, z: 0}
  m_LocalScale: {x: 0.06934206, y: 0.06934206, z: 0.06934206}
  m_Children: []
  m_Father: {fileID: 743499418}
  m_RootOrder: 0
  m_LocalEulerAnglesHint: {x: 0, y: 0, z: 0}
--- !u!123 &1257829354
LensFlare:
  m_ObjectHideFlags: 0
  m_PrefabParentObject: {fileID: 12324192, guid: a4d020d60b18649af92bb2a05e00d513,
    type: 2}
  m_PrefabInternal: {fileID: 869056396}
  m_GameObject: {fileID: 1257829352}
  m_Enabled: 1
  m_Flare: {fileID: 12100000, guid: 4bd4faf9a6beb484485deba5aeb62c81, type: 2}
  m_Color: {r: 0.8235294, g: 0.15334684, b: 0, a: 1}
  m_Brightness: 0.2
  m_FadeSpeed: 0.1
  m_IgnoreLayers:
    serializedVersion: 2
    m_Bits: 6
  m_Directional: 0
--- !u!1 &1265602406
GameObject:
  m_ObjectHideFlags: 0
  m_PrefabParentObject: {fileID: 172398, guid: a4d020d60b18649af92bb2a05e00d513, type: 2}
  m_PrefabInternal: {fileID: 869056396}
  serializedVersion: 5
  m_Component:
  - component: {fileID: 1265602407}
  - component: {fileID: 1265602410}
  - component: {fileID: 1265602409}
  - component: {fileID: 1265602408}
  m_Layer: 0
  m_Name: AllSky_DemoEnvironment
  m_TagString: Untagged
  m_Icon: {fileID: 0}
  m_NavMeshLayer: 0
  m_StaticEditorFlags: 0
  m_IsActive: 1
--- !u!4 &1265602407
Transform:
  m_ObjectHideFlags: 0
  m_PrefabParentObject: {fileID: 472398, guid: a4d020d60b18649af92bb2a05e00d513, type: 2}
  m_PrefabInternal: {fileID: 869056396}
  m_GameObject: {fileID: 1265602406}
  m_LocalRotation: {x: 0, y: 0.7071068, z: 0.7071068, w: 0}
  m_LocalPosition: {x: 0, y: 0, z: 0}
  m_LocalScale: {x: 1, y: 1, z: 1}
  m_Children: []
  m_Father: {fileID: 1613676275}
  m_RootOrder: 1
  m_LocalEulerAnglesHint: {x: 0, y: 0, z: 0}
--- !u!64 &1265602408
MeshCollider:
  m_ObjectHideFlags: 0
  m_PrefabParentObject: {fileID: 6401870, guid: a4d020d60b18649af92bb2a05e00d513,
    type: 2}
  m_PrefabInternal: {fileID: 869056396}
  m_GameObject: {fileID: 1265602406}
  m_Material: {fileID: 0}
  m_IsTrigger: 0
  m_Enabled: 1
  serializedVersion: 2
  m_Convex: 0
  m_InflateMesh: 0
  m_SkinWidth: 0.01
  m_Mesh: {fileID: 4300000, guid: 3016c1d519731466ebd747543eef9970, type: 3}
--- !u!23 &1265602409
MeshRenderer:
  m_ObjectHideFlags: 0
  m_PrefabParentObject: {fileID: 2372398, guid: a4d020d60b18649af92bb2a05e00d513,
    type: 2}
  m_PrefabInternal: {fileID: 869056396}
  m_GameObject: {fileID: 1265602406}
  m_Enabled: 1
  m_CastShadows: 1
  m_ReceiveShadows: 1
  m_MotionVectors: 1
  m_LightProbeUsage: 0
  m_ReflectionProbeUsage: 1
  m_Materials:
  - {fileID: 2100000, guid: 3386ea1f916284d438a5d95882e39fd6, type: 2}
  - {fileID: 2100000, guid: 2e6761ef29bab414093fbcc3d8b98559, type: 2}
  - {fileID: 2100000, guid: 179503e6ea7a5414da971761ed8ad6a1, type: 2}
  m_StaticBatchInfo:
    firstSubMesh: 0
    subMeshCount: 0
  m_StaticBatchRoot: {fileID: 0}
  m_ProbeAnchor: {fileID: 0}
  m_LightProbeVolumeOverride: {fileID: 0}
  m_ScaleInLightmap: 1
  m_PreserveUVs: 0
  m_IgnoreNormalsForChartDetection: 0
  m_ImportantGI: 0
  m_SelectedEditorRenderState: 3
  m_MinimumChartSize: 4
  m_AutoUVMaxDistance: 0.5
  m_AutoUVMaxAngle: 89
  m_LightmapParameters: {fileID: 0}
  m_SortingLayerID: 0
  m_SortingLayer: 0
  m_SortingOrder: 0
--- !u!33 &1265602410
MeshFilter:
  m_ObjectHideFlags: 0
  m_PrefabParentObject: {fileID: 3372398, guid: a4d020d60b18649af92bb2a05e00d513,
    type: 2}
  m_PrefabInternal: {fileID: 869056396}
  m_GameObject: {fileID: 1265602406}
  m_Mesh: {fileID: 4300000, guid: cca7a715222e33c49b541a5f7de8f6f2, type: 3}
--- !u!1 &1556590721
GameObject:
  m_ObjectHideFlags: 0
  m_PrefabParentObject: {fileID: 111518, guid: a4d020d60b18649af92bb2a05e00d513, type: 2}
  m_PrefabInternal: {fileID: 869056396}
  serializedVersion: 5
  m_Component:
  - component: {fileID: 1556590722}
  - component: {fileID: 1556590725}
  - component: {fileID: 1556590724}
  - component: {fileID: 1556590723}
  m_Layer: 0
  m_Name: AllSky_DemoEnvironment_Light
  m_TagString: Untagged
  m_Icon: {fileID: 0}
  m_NavMeshLayer: 0
  m_StaticEditorFlags: 0
  m_IsActive: 1
--- !u!4 &1556590722
Transform:
  m_ObjectHideFlags: 0
  m_PrefabParentObject: {fileID: 411518, guid: a4d020d60b18649af92bb2a05e00d513, type: 2}
  m_PrefabInternal: {fileID: 869056396}
  m_GameObject: {fileID: 1556590721}
  m_LocalRotation: {x: -0.70356476, y: 0.07068698, z: 0.07068698, w: 0.70356476}
  m_LocalPosition: {x: -11.66, y: 18.94, z: -50.71}
  m_LocalScale: {x: 1, y: 1, z: 1}
  m_Children: []
  m_Father: {fileID: 1613676275}
  m_RootOrder: 10
  m_LocalEulerAnglesHint: {x: 0, y: 0, z: 0}
--- !u!95 &1556590723
Animator:
  serializedVersion: 3
  m_ObjectHideFlags: 0
  m_PrefabParentObject: {fileID: 9511522, guid: a4d020d60b18649af92bb2a05e00d513,
    type: 2}
  m_PrefabInternal: {fileID: 869056396}
  m_GameObject: {fileID: 1556590721}
  m_Enabled: 1
  m_Avatar: {fileID: 9000000, guid: a86608a16093647c082aa3ccf69d2558, type: 3}
  m_Controller: {fileID: 0}
  m_CullingMode: 0
  m_UpdateMode: 0
  m_ApplyRootMotion: 1
  m_LinearVelocityBlending: 0
  m_WarningMessage: 
  m_HasTransformHierarchy: 1
  m_AllowConstantClipSamplingOptimization: 1
--- !u!23 &1556590724
MeshRenderer:
  m_ObjectHideFlags: 0
  m_PrefabParentObject: {fileID: 2311522, guid: a4d020d60b18649af92bb2a05e00d513,
    type: 2}
  m_PrefabInternal: {fileID: 869056396}
  m_GameObject: {fileID: 1556590721}
  m_Enabled: 1
  m_CastShadows: 1
  m_ReceiveShadows: 1
  m_MotionVectors: 1
  m_LightProbeUsage: 0
  m_ReflectionProbeUsage: 1
  m_Materials:
  - {fileID: 2100000, guid: 05aa87d4636d34850a6f48daedd1b55c, type: 2}
  - {fileID: 2100000, guid: a7f9f8058b27648f4ba9ed54ced4ac00, type: 2}
  m_StaticBatchInfo:
    firstSubMesh: 0
    subMeshCount: 0
  m_StaticBatchRoot: {fileID: 0}
  m_ProbeAnchor: {fileID: 0}
  m_LightProbeVolumeOverride: {fileID: 0}
  m_ScaleInLightmap: 1
  m_PreserveUVs: 0
  m_IgnoreNormalsForChartDetection: 0
  m_ImportantGI: 0
  m_SelectedEditorRenderState: 3
  m_MinimumChartSize: 4
  m_AutoUVMaxDistance: 0.5
  m_AutoUVMaxAngle: 89
  m_LightmapParameters: {fileID: 0}
  m_SortingLayerID: 0
  m_SortingLayer: 0
  m_SortingOrder: 0
--- !u!33 &1556590725
MeshFilter:
  m_ObjectHideFlags: 0
  m_PrefabParentObject: {fileID: 3311522, guid: a4d020d60b18649af92bb2a05e00d513,
    type: 2}
  m_PrefabInternal: {fileID: 869056396}
  m_GameObject: {fileID: 1556590721}
  m_Mesh: {fileID: 4300000, guid: a86608a16093647c082aa3ccf69d2558, type: 3}
--- !u!1 &1574148472
GameObject:
  m_ObjectHideFlags: 0
  m_PrefabParentObject: {fileID: 124196, guid: a4d020d60b18649af92bb2a05e00d513, type: 2}
  m_PrefabInternal: {fileID: 869056396}
  serializedVersion: 5
  m_Component:
  - component: {fileID: 1574148473}
  - component: {fileID: 1574148474}
  m_Layer: 0
  m_Name: Point light
  m_TagString: Untagged
  m_Icon: {fileID: 0}
  m_NavMeshLayer: 0
  m_StaticEditorFlags: 0
  m_IsActive: 1
--- !u!4 &1574148473
Transform:
  m_ObjectHideFlags: 0
  m_PrefabParentObject: {fileID: 424196, guid: a4d020d60b18649af92bb2a05e00d513, type: 2}
  m_PrefabInternal: {fileID: 869056396}
  m_GameObject: {fileID: 1574148472}
  m_LocalRotation: {x: 0, y: 0, z: 0, w: 1}
  m_LocalPosition: {x: -0.11163661, y: 1.1386985, z: 0.038274024}
  m_LocalScale: {x: 0.15948157, y: 0.15948159, z: 0.15948159}
  m_Children: []
  m_Father: {fileID: 743499418}
  m_RootOrder: 1
  m_LocalEulerAnglesHint: {x: 0, y: 0, z: 0}
--- !u!108 &1574148474
Light:
  m_ObjectHideFlags: 0
  m_PrefabParentObject: {fileID: 10824192, guid: a4d020d60b18649af92bb2a05e00d513,
    type: 2}
  m_PrefabInternal: {fileID: 869056396}
  m_GameObject: {fileID: 1574148472}
  m_Enabled: 1
  serializedVersion: 8
  m_Type: 2
  m_Color: {r: 0.9632353, g: 0.17936105, b: 0, a: 1}
  m_Intensity: 0.84
  m_Range: 288.7775
  m_SpotAngle: 30
  m_CookieSize: 10
  m_Shadows:
    m_Type: 0
    m_Resolution: -1
    m_CustomResolution: -1
    m_Strength: 1
    m_Bias: 0.05
    m_NormalBias: 0.4
    m_NearPlane: 0.2
  m_Cookie: {fileID: 0}
  m_DrawHalo: 0
  m_Flare: {fileID: 0}
  m_RenderMode: 0
  m_CullingMask:
    serializedVersion: 2
    m_Bits: 4294967295
  m_Lightmapping: 1
  m_AreaSize: {x: 1, y: 1}
  m_BounceIntensity: 1
  m_ColorTemperature: 6570
  m_UseColorTemperature: 0
  m_ShadowRadius: 0
  m_ShadowAngle: 0
--- !u!1 &1604326069
GameObject:
  m_ObjectHideFlags: 0
  m_PrefabParentObject: {fileID: 111520, guid: a4d020d60b18649af92bb2a05e00d513, type: 2}
  m_PrefabInternal: {fileID: 869056396}
  serializedVersion: 5
  m_Component:
  - component: {fileID: 1604326070}
  - component: {fileID: 1604326071}
  m_Layer: 0
  m_Name: Point light
  m_TagString: Untagged
  m_Icon: {fileID: 0}
  m_NavMeshLayer: 0
  m_StaticEditorFlags: 0
  m_IsActive: 1
--- !u!4 &1604326070
Transform:
  m_ObjectHideFlags: 0
  m_PrefabParentObject: {fileID: 411520, guid: a4d020d60b18649af92bb2a05e00d513, type: 2}
  m_PrefabInternal: {fileID: 869056396}
  m_GameObject: {fileID: 1604326069}
  m_LocalRotation: {x: 0, y: 0, z: 0, w: 1}
  m_LocalPosition: {x: -4.31, y: 20.03, z: -65.59}
  m_LocalScale: {x: 1, y: 1, z: 1}
  m_Children: []
  m_Father: {fileID: 1613676275}
  m_RootOrder: 6
  m_LocalEulerAnglesHint: {x: 0, y: 0, z: 0}
--- !u!108 &1604326071
Light:
  m_ObjectHideFlags: 0
  m_PrefabParentObject: {fileID: 10811522, guid: a4d020d60b18649af92bb2a05e00d513,
    type: 2}
  m_PrefabInternal: {fileID: 869056396}
  m_GameObject: {fileID: 1604326069}
  m_Enabled: 1
  serializedVersion: 8
  m_Type: 2
  m_Color: {r: 1, g: 0.5939148, b: 0.33088237, a: 1}
  m_Intensity: 0.79774064
  m_Range: 69.46
  m_SpotAngle: 30
  m_CookieSize: 10
  m_Shadows:
    m_Type: 0
    m_Resolution: -1
    m_CustomResolution: -1
    m_Strength: 1
    m_Bias: 0.05
    m_NormalBias: 0.4
    m_NearPlane: 0.2
  m_Cookie: {fileID: 0}
  m_DrawHalo: 0
  m_Flare: {fileID: 0}
  m_RenderMode: 0
  m_CullingMask:
    serializedVersion: 2
    m_Bits: 4294967295
  m_Lightmapping: 1
  m_AreaSize: {x: 1, y: 1}
  m_BounceIntensity: 1
  m_ColorTemperature: 6570
  m_UseColorTemperature: 0
  m_ShadowRadius: 0
  m_ShadowAngle: 0
--- !u!1 &1613676274
GameObject:
  m_ObjectHideFlags: 0
  m_PrefabParentObject: {fileID: 159908, guid: a4d020d60b18649af92bb2a05e00d513, type: 2}
  m_PrefabInternal: {fileID: 869056396}
  serializedVersion: 5
  m_Component:
  - component: {fileID: 1613676275}
  m_Layer: 0
  m_Name: AllSkyDemoEnvironment_Unity4
  m_TagString: Untagged
  m_Icon: {fileID: 0}
  m_NavMeshLayer: 0
  m_StaticEditorFlags: 0
  m_IsActive: 1
--- !u!4 &1613676275
Transform:
  m_ObjectHideFlags: 0
  m_PrefabParentObject: {fileID: 459908, guid: a4d020d60b18649af92bb2a05e00d513, type: 2}
  m_PrefabInternal: {fileID: 869056396}
  m_GameObject: {fileID: 1613676274}
  m_LocalRotation: {x: 0, y: 0, z: 0, w: 1}
  m_LocalPosition: {x: -0, y: 0, z: 0}
  m_LocalScale: {x: 1, y: 1, z: 1}
  m_Children:
  - {fileID: 730207876}
  - {fileID: 1265602407}
  - {fileID: 1168446070}
  - {fileID: 335872746}
  - {fileID: 1029471121}
  - {fileID: 1753288978}
  - {fileID: 1604326070}
  - {fileID: 1040383565}
  - {fileID: 1240698735}
  - {fileID: 820047567}
  - {fileID: 1556590722}
  - {fileID: 2087812851}
  - {fileID: 1103566242}
  - {fileID: 41797338}
  - {fileID: 2083231675}
  - {fileID: 1720414212}
  - {fileID: 770560654}
  - {fileID: 230216362}
  - {fileID: 743499418}
  - {fileID: 794374909}
  m_Father: {fileID: 0}
  m_RootOrder: 1
  m_LocalEulerAnglesHint: {x: 0, y: 0, z: 0}
--- !u!1 &1720414211
GameObject:
  m_ObjectHideFlags: 0
  m_PrefabParentObject: {fileID: 109848, guid: a4d020d60b18649af92bb2a05e00d513, type: 2}
  m_PrefabInternal: {fileID: 869056396}
  serializedVersion: 5
  m_Component:
  - component: {fileID: 1720414212}
  - component: {fileID: 1720414213}
  m_Layer: 0
  m_Name: Point light
  m_TagString: Untagged
  m_Icon: {fileID: 0}
  m_NavMeshLayer: 0
  m_StaticEditorFlags: 0
  m_IsActive: 1
--- !u!4 &1720414212
Transform:
  m_ObjectHideFlags: 0
  m_PrefabParentObject: {fileID: 409848, guid: a4d020d60b18649af92bb2a05e00d513, type: 2}
  m_PrefabInternal: {fileID: 869056396}
  m_GameObject: {fileID: 1720414211}
  m_LocalRotation: {x: 0, y: 0, z: 0, w: 1}
  m_LocalPosition: {x: -69.92, y: 17.68, z: 14.58}
  m_LocalScale: {x: 1, y: 1, z: 1}
  m_Children: []
  m_Father: {fileID: 1613676275}
  m_RootOrder: 15
  m_LocalEulerAnglesHint: {x: 0, y: 0, z: 0}
--- !u!108 &1720414213
Light:
  m_ObjectHideFlags: 0
  m_PrefabParentObject: {fileID: 10809848, guid: a4d020d60b18649af92bb2a05e00d513,
    type: 2}
  m_PrefabInternal: {fileID: 869056396}
  m_GameObject: {fileID: 1720414211}
  m_Enabled: 1
  serializedVersion: 8
  m_Type: 2
  m_Color: {r: 1, g: 0.5939148, b: 0.33088237, a: 1}
  m_Intensity: 0.79774064
  m_Range: 69.46
  m_SpotAngle: 30
  m_CookieSize: 10
  m_Shadows:
    m_Type: 0
    m_Resolution: -1
    m_CustomResolution: -1
    m_Strength: 1
    m_Bias: 0.05
    m_NormalBias: 0.4
    m_NearPlane: 0.2
  m_Cookie: {fileID: 0}
  m_DrawHalo: 0
  m_Flare: {fileID: 0}
  m_RenderMode: 0
  m_CullingMask:
    serializedVersion: 2
    m_Bits: 4294967295
  m_Lightmapping: 1
  m_AreaSize: {x: 1, y: 1}
  m_BounceIntensity: 1
  m_ColorTemperature: 6570
  m_UseColorTemperature: 0
  m_ShadowRadius: 0
  m_ShadowAngle: 0
--- !u!1 &1753288977
GameObject:
  m_ObjectHideFlags: 0
  m_PrefabParentObject: {fileID: 109846, guid: a4d020d60b18649af92bb2a05e00d513, type: 2}
  m_PrefabInternal: {fileID: 869056396}
  serializedVersion: 5
  m_Component:
  - component: {fileID: 1753288978}
  - component: {fileID: 1753288979}
  m_Layer: 0
  m_Name: Point light
  m_TagString: Untagged
  m_Icon: {fileID: 0}
  m_NavMeshLayer: 0
  m_StaticEditorFlags: 0
  m_IsActive: 1
--- !u!4 &1753288978
Transform:
  m_ObjectHideFlags: 0
  m_PrefabParentObject: {fileID: 409846, guid: a4d020d60b18649af92bb2a05e00d513, type: 2}
  m_PrefabInternal: {fileID: 869056396}
  m_GameObject: {fileID: 1753288977}
  m_LocalRotation: {x: 0, y: 0, z: 0, w: 1}
  m_LocalPosition: {x: 8.2, y: 18.2, z: 45.3}
  m_LocalScale: {x: 1, y: 1, z: 1}
  m_Children: []
  m_Father: {fileID: 1613676275}
  m_RootOrder: 5
  m_LocalEulerAnglesHint: {x: 0, y: 0, z: 0}
--- !u!108 &1753288979
Light:
  m_ObjectHideFlags: 0
  m_PrefabParentObject: {fileID: 10809846, guid: a4d020d60b18649af92bb2a05e00d513,
    type: 2}
  m_PrefabInternal: {fileID: 869056396}
  m_GameObject: {fileID: 1753288977}
  m_Enabled: 1
  serializedVersion: 8
  m_Type: 2
  m_Color: {r: 1, g: 0.5939148, b: 0.33088237, a: 1}
  m_Intensity: 0.79774064
  m_Range: 69.46
  m_SpotAngle: 30
  m_CookieSize: 10
  m_Shadows:
    m_Type: 0
    m_Resolution: -1
    m_CustomResolution: -1
    m_Strength: 1
    m_Bias: 0.05
    m_NormalBias: 0.4
    m_NearPlane: 0.2
  m_Cookie: {fileID: 0}
  m_DrawHalo: 0
  m_Flare: {fileID: 0}
  m_RenderMode: 0
  m_CullingMask:
    serializedVersion: 2
    m_Bits: 4294967295
  m_Lightmapping: 1
  m_AreaSize: {x: 1, y: 1}
  m_BounceIntensity: 1
  m_ColorTemperature: 6570
  m_UseColorTemperature: 0
  m_ShadowRadius: 0
  m_ShadowAngle: 0
--- !u!1 &2083231674
GameObject:
  m_ObjectHideFlags: 0
  m_PrefabParentObject: {fileID: 101870, guid: a4d020d60b18649af92bb2a05e00d513, type: 2}
  m_PrefabInternal: {fileID: 869056396}
  serializedVersion: 5
  m_Component:
  - component: {fileID: 2083231675}
  - component: {fileID: 2083231678}
  - component: {fileID: 2083231677}
  - component: {fileID: 2083231676}
  m_Layer: 0
  m_Name: AllSky_DemoEnvironment_Light
  m_TagString: Untagged
  m_Icon: {fileID: 0}
  m_NavMeshLayer: 0
  m_StaticEditorFlags: 0
  m_IsActive: 1
--- !u!4 &2083231675
Transform:
  m_ObjectHideFlags: 0
  m_PrefabParentObject: {fileID: 401870, guid: a4d020d60b18649af92bb2a05e00d513, type: 2}
  m_PrefabInternal: {fileID: 869056396}
  m_GameObject: {fileID: 2083231674}
  m_LocalRotation: {x: 0.0660789, y: 0.7040125, z: 0.7040125, w: -0.066078864}
  m_LocalPosition: {x: -67.93, y: 17, z: 13.85}
  m_LocalScale: {x: 1, y: 1, z: 1}
  m_Children: []
  m_Father: {fileID: 1613676275}
  m_RootOrder: 14
  m_LocalEulerAnglesHint: {x: 0, y: 0, z: 0}
--- !u!95 &2083231676
Animator:
  serializedVersion: 3
  m_ObjectHideFlags: 0
  m_PrefabParentObject: {fileID: 9501870, guid: a4d020d60b18649af92bb2a05e00d513,
    type: 2}
  m_PrefabInternal: {fileID: 869056396}
  m_GameObject: {fileID: 2083231674}
  m_Enabled: 1
  m_Avatar: {fileID: 9000000, guid: a86608a16093647c082aa3ccf69d2558, type: 3}
  m_Controller: {fileID: 0}
  m_CullingMode: 0
  m_UpdateMode: 0
  m_ApplyRootMotion: 1
  m_LinearVelocityBlending: 0
  m_WarningMessage: 
  m_HasTransformHierarchy: 1
  m_AllowConstantClipSamplingOptimization: 1
--- !u!23 &2083231677
MeshRenderer:
  m_ObjectHideFlags: 0
  m_PrefabParentObject: {fileID: 2301870, guid: a4d020d60b18649af92bb2a05e00d513,
    type: 2}
  m_PrefabInternal: {fileID: 869056396}
  m_GameObject: {fileID: 2083231674}
  m_Enabled: 1
  m_CastShadows: 1
  m_ReceiveShadows: 1
  m_MotionVectors: 1
  m_LightProbeUsage: 0
  m_ReflectionProbeUsage: 1
  m_Materials:
  - {fileID: 2100000, guid: 05aa87d4636d34850a6f48daedd1b55c, type: 2}
  - {fileID: 2100000, guid: a7f9f8058b27648f4ba9ed54ced4ac00, type: 2}
  m_StaticBatchInfo:
    firstSubMesh: 0
    subMeshCount: 0
  m_StaticBatchRoot: {fileID: 0}
  m_ProbeAnchor: {fileID: 0}
  m_LightProbeVolumeOverride: {fileID: 0}
  m_ScaleInLightmap: 1
  m_PreserveUVs: 0
  m_IgnoreNormalsForChartDetection: 0
  m_ImportantGI: 0
  m_SelectedEditorRenderState: 3
  m_MinimumChartSize: 4
  m_AutoUVMaxDistance: 0.5
  m_AutoUVMaxAngle: 89
  m_LightmapParameters: {fileID: 0}
  m_SortingLayerID: 0
  m_SortingLayer: 0
  m_SortingOrder: 0
--- !u!33 &2083231678
MeshFilter:
  m_ObjectHideFlags: 0
  m_PrefabParentObject: {fileID: 3301870, guid: a4d020d60b18649af92bb2a05e00d513,
    type: 2}
  m_PrefabInternal: {fileID: 869056396}
  m_GameObject: {fileID: 2083231674}
  m_Mesh: {fileID: 4300000, guid: a86608a16093647c082aa3ccf69d2558, type: 3}
--- !u!1001 &2083837370
Prefab:
  m_ObjectHideFlags: 0
  serializedVersion: 2
  m_Modification:
    m_TransformParent: {fileID: 0}
    m_Modifications:
    - target: {fileID: 422300, guid: 6e58b6f7d760a4942b5d1887cdb4a815, type: 2}
      propertyPath: m_LocalPosition.x
      value: 1438
      objectReference: {fileID: 0}
    - target: {fileID: 422300, guid: 6e58b6f7d760a4942b5d1887cdb4a815, type: 2}
      propertyPath: m_LocalPosition.y
      value: 9395
      objectReference: {fileID: 0}
    - target: {fileID: 422300, guid: 6e58b6f7d760a4942b5d1887cdb4a815, type: 2}
      propertyPath: m_LocalPosition.z
      value: 32625
      objectReference: {fileID: 0}
    - target: {fileID: 422300, guid: 6e58b6f7d760a4942b5d1887cdb4a815, type: 2}
      propertyPath: m_LocalRotation.x
      value: 0
      objectReference: {fileID: 0}
    - target: {fileID: 422300, guid: 6e58b6f7d760a4942b5d1887cdb4a815, type: 2}
      propertyPath: m_LocalRotation.y
      value: 0
      objectReference: {fileID: 0}
    - target: {fileID: 422300, guid: 6e58b6f7d760a4942b5d1887cdb4a815, type: 2}
      propertyPath: m_LocalRotation.z
      value: 0
      objectReference: {fileID: 0}
    - target: {fileID: 422300, guid: 6e58b6f7d760a4942b5d1887cdb4a815, type: 2}
      propertyPath: m_LocalRotation.w
      value: 1
      objectReference: {fileID: 0}
    - target: {fileID: 422300, guid: 6e58b6f7d760a4942b5d1887cdb4a815, type: 2}
      propertyPath: m_RootOrder
      value: 2
      objectReference: {fileID: 0}
    - target: {fileID: 422300, guid: 6e58b6f7d760a4942b5d1887cdb4a815, type: 2}
      propertyPath: m_LocalScale.x
      value: 1
      objectReference: {fileID: 0}
    - target: {fileID: 422300, guid: 6e58b6f7d760a4942b5d1887cdb4a815, type: 2}
      propertyPath: m_LocalScale.y
      value: 1
      objectReference: {fileID: 0}
    - target: {fileID: 422300, guid: 6e58b6f7d760a4942b5d1887cdb4a815, type: 2}
      propertyPath: m_LocalScale.z
      value: 1
      objectReference: {fileID: 0}
    - target: {fileID: 12322300, guid: 6e58b6f7d760a4942b5d1887cdb4a815, type: 2}
      propertyPath: m_Brightness
      value: 0.08
      objectReference: {fileID: 0}
    - target: {fileID: 12322300, guid: 6e58b6f7d760a4942b5d1887cdb4a815, type: 2}
      propertyPath: m_Color.r
      value: 0.30147058
      objectReference: {fileID: 0}
    - target: {fileID: 12322300, guid: 6e58b6f7d760a4942b5d1887cdb4a815, type: 2}
      propertyPath: m_Color.g
      value: 0.30147058
      objectReference: {fileID: 0}
    - target: {fileID: 12322300, guid: 6e58b6f7d760a4942b5d1887cdb4a815, type: 2}
      propertyPath: m_Color.b
      value: 0.30147058
      objectReference: {fileID: 0}
    - target: {fileID: 122300, guid: 6e58b6f7d760a4942b5d1887cdb4a815, type: 2}
      propertyPath: m_IsActive
      value: 1
      objectReference: {fileID: 0}
    m_RemovedComponents: []
  m_ParentPrefab: {fileID: 100100000, guid: 6e58b6f7d760a4942b5d1887cdb4a815, type: 2}
  m_RootGameObject: {fileID: 380881009}
  m_IsPrefabParent: 0
--- !u!1 &2087812850
GameObject:
  m_ObjectHideFlags: 0
  m_PrefabParentObject: {fileID: 101868, guid: a4d020d60b18649af92bb2a05e00d513, type: 2}
  m_PrefabInternal: {fileID: 869056396}
  serializedVersion: 5
  m_Component:
  - component: {fileID: 2087812851}
  - component: {fileID: 2087812854}
  - component: {fileID: 2087812853}
  - component: {fileID: 2087812852}
  m_Layer: 0
  m_Name: AllSky_DemoEnvironment_Light
  m_TagString: Untagged
  m_Icon: {fileID: 0}
  m_NavMeshLayer: 0
  m_StaticEditorFlags: 0
  m_IsActive: 1
--- !u!4 &2087812851
Transform:
  m_ObjectHideFlags: 0
  m_PrefabParentObject: {fileID: 401868, guid: a4d020d60b18649af92bb2a05e00d513, type: 2}
  m_PrefabInternal: {fileID: 869056396}
  m_GameObject: {fileID: 2087812850}
  m_LocalRotation: {x: 0, y: 0.7071068, z: 0.7071068, w: 0}
  m_LocalPosition: {x: -1.26, y: 17.94, z: -65.51}
  m_LocalScale: {x: 1, y: 1, z: 1}
  m_Children: []
  m_Father: {fileID: 1613676275}
  m_RootOrder: 11
  m_LocalEulerAnglesHint: {x: 0, y: 0, z: 0}
--- !u!95 &2087812852
Animator:
  serializedVersion: 3
  m_ObjectHideFlags: 0
  m_PrefabParentObject: {fileID: 9501868, guid: a4d020d60b18649af92bb2a05e00d513,
    type: 2}
  m_PrefabInternal: {fileID: 869056396}
  m_GameObject: {fileID: 2087812850}
  m_Enabled: 1
  m_Avatar: {fileID: 9000000, guid: a86608a16093647c082aa3ccf69d2558, type: 3}
  m_Controller: {fileID: 0}
  m_CullingMode: 0
  m_UpdateMode: 0
  m_ApplyRootMotion: 1
  m_LinearVelocityBlending: 0
  m_WarningMessage: 
  m_HasTransformHierarchy: 1
  m_AllowConstantClipSamplingOptimization: 1
--- !u!23 &2087812853
MeshRenderer:
  m_ObjectHideFlags: 0
  m_PrefabParentObject: {fileID: 2301868, guid: a4d020d60b18649af92bb2a05e00d513,
    type: 2}
  m_PrefabInternal: {fileID: 869056396}
  m_GameObject: {fileID: 2087812850}
  m_Enabled: 1
  m_CastShadows: 1
  m_ReceiveShadows: 1
  m_MotionVectors: 1
  m_LightProbeUsage: 0
  m_ReflectionProbeUsage: 1
  m_Materials:
  - {fileID: 2100000, guid: 05aa87d4636d34850a6f48daedd1b55c, type: 2}
  - {fileID: 2100000, guid: a7f9f8058b27648f4ba9ed54ced4ac00, type: 2}
  m_StaticBatchInfo:
    firstSubMesh: 0
    subMeshCount: 0
  m_StaticBatchRoot: {fileID: 0}
  m_ProbeAnchor: {fileID: 0}
  m_LightProbeVolumeOverride: {fileID: 0}
  m_ScaleInLightmap: 1
  m_PreserveUVs: 0
  m_IgnoreNormalsForChartDetection: 0
  m_ImportantGI: 0
  m_SelectedEditorRenderState: 3
  m_MinimumChartSize: 4
  m_AutoUVMaxDistance: 0.5
  m_AutoUVMaxAngle: 89
  m_LightmapParameters: {fileID: 0}
  m_SortingLayerID: 0
  m_SortingLayer: 0
  m_SortingOrder: 0
--- !u!33 &2087812854
MeshFilter:
  m_ObjectHideFlags: 0
  m_PrefabParentObject: {fileID: 3301868, guid: a4d020d60b18649af92bb2a05e00d513,
    type: 2}
  m_PrefabInternal: {fileID: 869056396}
  m_GameObject: {fileID: 2087812850}
  m_Mesh: {fileID: 4300000, guid: a86608a16093647c082aa3ccf69d2558, type: 3}
