%YAML 1.1
%TAG !u! tag:unity3d.com,2011:
--- !u!29 &1
OcclusionCullingSettings:
  m_ObjectHideFlags: 0
  serializedVersion: 2
  m_OcclusionBakeSettings:
    smallestOccluder: 5
    smallestHole: 0.25
    backfaceThreshold: 100
  m_SceneGUID: 00000000000000000000000000000000
  m_OcclusionCullingData: {fileID: 0}
--- !u!104 &2
RenderSettings:
  m_ObjectHideFlags: 0
  serializedVersion: 8
  m_Fog: 1
  m_FogColor: {r: 0.03529412, g: 0.01808291, b: 0.00733564, a: 1}
  m_FogMode: 1
  m_FogDensity: 0
  m_LinearFogStart: 1
  m_LinearFogEnd: 1000
  m_AmbientSkyColor: {r: 0.30882353, g: 0.16235943, b: 0.11353806, a: 1}
  m_AmbientEquatorColor: {r: 0.30882353, g: 0.16235943, b: 0.11353806, a: 1}
  m_AmbientGroundColor: {r: 0.30882353, g: 0.16235943, b: 0.11353806, a: 1}
  m_AmbientIntensity: 1
  m_AmbientMode: 3
  m_SubtractiveShadowColor: {r: 0.42, g: 0.478, b: 0.627, a: 1}
  m_SkyboxMaterial: {fileID: 2100000, guid: 8e48450d3fc8541d2b8081e2b3a2b5fa, type: 2}
  m_HaloStrength: 0.5
  m_FlareStrength: 1
  m_FlareFadeSpeed: 3
  m_HaloTexture: {fileID: 0}
  m_SpotCookie: {fileID: 10001, guid: 0000000000000000e000000000000000, type: 0}
  m_DefaultReflectionMode: 0
  m_DefaultReflectionResolution: 128
  m_ReflectionBounces: 1
  m_ReflectionIntensity: 1
  m_CustomReflection: {fileID: 0}
  m_Sun: {fileID: 0}
  m_IndirectSpecularColor: {r: 0, g: 0, b: 0, a: 1}
--- !u!157 &4
LightmapSettings:
  m_ObjectHideFlags: 0
  serializedVersion: 9
  m_GIWorkflowMode: 0
  m_GISettings:
    serializedVersion: 2
    m_BounceScale: 1
    m_IndirectOutputScale: 1
    m_AlbedoBoost: 1
    m_TemporalCoherenceThreshold: 1
    m_EnvironmentLightingMode: 0
    m_EnableBakedLightmaps: 1
    m_EnableRealtimeLightmaps: 0
  m_LightmapEditorSettings:
    serializedVersion: 8
    m_Resolution: 1
    m_BakeResolution: 50
    m_TextureWidth: 1024
    m_TextureHeight: 1024
    m_AO: 0
    m_AOMaxDistance: 1
    m_CompAOExponent: 0
    m_CompAOExponentDirect: 0
    m_Padding: 2
    m_LightmapParameters: {fileID: 0}
    m_LightmapsBakeMode: 1
    m_TextureCompression: 0
    m_FinalGather: 0
    m_FinalGatherFiltering: 1
    m_FinalGatherRayCount: 1024
    m_ReflectionCompression: 2
    m_MixedBakeMode: 1
    m_BakeBackend: 0
    m_PVRSampling: 1
    m_PVRDirectSampleCount: 32
    m_PVRSampleCount: 500
    m_PVRBounces: 2
    m_PVRFiltering: 0
    m_PVRFilteringMode: 1
    m_PVRCulling: 1
    m_PVRFilteringGaussRadiusDirect: 1
    m_PVRFilteringGaussRadiusIndirect: 5
    m_PVRFilteringGaussRadiusAO: 2
    m_PVRFilteringAtrousColorSigma: 1
    m_PVRFilteringAtrousNormalSigma: 1
    m_PVRFilteringAtrousPositionSigma: 1
  m_LightingDataAsset: {fileID: 112000001, guid: 446358c410b1c564484e8b951995653b,
    type: 2}
  m_ShadowMaskMode: 2
--- !u!196 &5
NavMeshSettings:
  serializedVersion: 2
  m_ObjectHideFlags: 0
  m_BuildSettings:
    serializedVersion: 2
    agentTypeID: 0
    agentRadius: 0.5
    agentHeight: 2
    agentSlope: 45
    agentClimb: 0.4
    ledgeDropHeight: 0
    maxJumpAcrossDistance: 0
    minRegionArea: 2
    manualCellSize: 0
    cellSize: 0.16666666
    manualTileSize: 0
    tileSize: 256
    accuratePlacement: 0
  m_NavMeshData: {fileID: 0}
--- !u!1 &6719147
GameObject:
  m_ObjectHideFlags: 0
  m_PrefabParentObject: {fileID: 172398, guid: a4d020d60b18649af92bb2a05e00d513, type: 2}
  m_PrefabInternal: {fileID: 1379201911}
  serializedVersion: 5
  m_Component:
  - component: {fileID: 6719148}
  - component: {fileID: 6719151}
  - component: {fileID: 6719150}
  - component: {fileID: 6719149}
  m_Layer: 0
  m_Name: AllSky_DemoEnvironment
  m_TagString: Untagged
  m_Icon: {fileID: 0}
  m_NavMeshLayer: 0
  m_StaticEditorFlags: 0
  m_IsActive: 1
--- !u!4 &6719148
Transform:
  m_ObjectHideFlags: 0
  m_PrefabParentObject: {fileID: 472398, guid: a4d020d60b18649af92bb2a05e00d513, type: 2}
  m_PrefabInternal: {fileID: 1379201911}
  m_GameObject: {fileID: 6719147}
  m_LocalRotation: {x: 0, y: 0.7071068, z: 0.7071068, w: 0}
  m_LocalPosition: {x: 0, y: 0, z: 0}
  m_LocalScale: {x: 1, y: 1, z: 1}
  m_Children: []
  m_Father: {fileID: 1955592197}
  m_RootOrder: 1
  m_LocalEulerAnglesHint: {x: 0, y: 0, z: 0}
--- !u!64 &6719149
MeshCollider:
  m_ObjectHideFlags: 0
  m_PrefabParentObject: {fileID: 6401870, guid: a4d020d60b18649af92bb2a05e00d513,
    type: 2}
  m_PrefabInternal: {fileID: 1379201911}
  m_GameObject: {fileID: 6719147}
  m_Material: {fileID: 0}
  m_IsTrigger: 0
  m_Enabled: 1
  serializedVersion: 2
  m_Convex: 0
  m_InflateMesh: 0
  m_SkinWidth: 0.01
  m_Mesh: {fileID: 4300000, guid: 3016c1d519731466ebd747543eef9970, type: 3}
--- !u!23 &6719150
MeshRenderer:
  m_ObjectHideFlags: 0
  m_PrefabParentObject: {fileID: 2372398, guid: a4d020d60b18649af92bb2a05e00d513,
    type: 2}
  m_PrefabInternal: {fileID: 1379201911}
  m_GameObject: {fileID: 6719147}
  m_Enabled: 1
  m_CastShadows: 1
  m_ReceiveShadows: 1
  m_MotionVectors: 1
  m_LightProbeUsage: 0
  m_ReflectionProbeUsage: 1
  m_Materials:
  - {fileID: 2100000, guid: 3386ea1f916284d438a5d95882e39fd6, type: 2}
  - {fileID: 2100000, guid: 2e6761ef29bab414093fbcc3d8b98559, type: 2}
  - {fileID: 2100000, guid: 179503e6ea7a5414da971761ed8ad6a1, type: 2}
  m_StaticBatchInfo:
    firstSubMesh: 0
    subMeshCount: 0
  m_StaticBatchRoot: {fileID: 0}
  m_ProbeAnchor: {fileID: 0}
  m_LightProbeVolumeOverride: {fileID: 0}
  m_ScaleInLightmap: 1
  m_PreserveUVs: 0
  m_IgnoreNormalsForChartDetection: 0
  m_ImportantGI: 0
  m_SelectedEditorRenderState: 3
  m_MinimumChartSize: 4
  m_AutoUVMaxDistance: 0.5
  m_AutoUVMaxAngle: 89
  m_LightmapParameters: {fileID: 0}
  m_SortingLayerID: 0
  m_SortingLayer: 0
  m_SortingOrder: 0
--- !u!33 &6719151
MeshFilter:
  m_ObjectHideFlags: 0
  m_PrefabParentObject: {fileID: 3372398, guid: a4d020d60b18649af92bb2a05e00d513,
    type: 2}
  m_PrefabInternal: {fileID: 1379201911}
  m_GameObject: {fileID: 6719147}
  m_Mesh: {fileID: 4300000, guid: cca7a715222e33c49b541a5f7de8f6f2, type: 3}
--- !u!1 &17871722
GameObject:
  m_ObjectHideFlags: 0
  m_PrefabParentObject: {fileID: 109850, guid: a4d020d60b18649af92bb2a05e00d513, type: 2}
  m_PrefabInternal: {fileID: 1379201911}
  serializedVersion: 5
  m_Component:
  - component: {fileID: 17871723}
  - component: {fileID: 17871724}
  m_Layer: 0
  m_Name: Point light
  m_TagString: Untagged
  m_Icon: {fileID: 0}
  m_NavMeshLayer: 0
  m_StaticEditorFlags: 0
  m_IsActive: 1
--- !u!4 &17871723
Transform:
  m_ObjectHideFlags: 0
  m_PrefabParentObject: {fileID: 409850, guid: a4d020d60b18649af92bb2a05e00d513, type: 2}
  m_PrefabInternal: {fileID: 1379201911}
  m_GameObject: {fileID: 17871722}
  m_LocalRotation: {x: 0, y: 0, z: 0, w: 1}
  m_LocalPosition: {x: 13.9, y: 18.2, z: 69.6}
  m_LocalScale: {x: 1, y: 1, z: 1}
  m_Children: []
  m_Father: {fileID: 1955592197}
  m_RootOrder: 3
  m_LocalEulerAnglesHint: {x: 0, y: 0, z: 0}
--- !u!108 &17871724
Light:
  m_ObjectHideFlags: 0
  m_PrefabParentObject: {fileID: 10809850, guid: a4d020d60b18649af92bb2a05e00d513,
    type: 2}
  m_PrefabInternal: {fileID: 1379201911}
  m_GameObject: {fileID: 17871722}
  m_Enabled: 1
  serializedVersion: 8
  m_Type: 2
  m_Color: {r: 1, g: 0.5939148, b: 0.33088237, a: 1}
  m_Intensity: 0.79774064
  m_Range: 69.46
  m_SpotAngle: 30
  m_CookieSize: 10
  m_Shadows:
    m_Type: 0
    m_Resolution: -1
    m_CustomResolution: -1
    m_Strength: 1
    m_Bias: 0.05
    m_NormalBias: 0.4
    m_NearPlane: 0.2
  m_Cookie: {fileID: 0}
  m_DrawHalo: 0
  m_Flare: {fileID: 0}
  m_RenderMode: 0
  m_CullingMask:
    serializedVersion: 2
    m_Bits: 4294967295
  m_Lightmapping: 1
  m_AreaSize: {x: 1, y: 1}
  m_BounceIntensity: 1
  m_ColorTemperature: 6570
  m_UseColorTemperature: 0
  m_ShadowRadius: 0
  m_ShadowAngle: 0
--- !u!1 &53555343
GameObject:
  m_ObjectHideFlags: 0
  m_PrefabParentObject: {fileID: 143674, guid: a4d020d60b18649af92bb2a05e00d513, type: 2}
  m_PrefabInternal: {fileID: 1379201911}
  serializedVersion: 5
  m_Component:
  - component: {fileID: 53555344}
  - component: {fileID: 53555345}
  m_Layer: 0
  m_Name: MountainGlow
  m_TagString: Untagged
  m_Icon: {fileID: 0}
  m_NavMeshLayer: 0
  m_StaticEditorFlags: 0
  m_IsActive: 1
--- !u!4 &53555344
Transform:
  m_ObjectHideFlags: 0
  m_PrefabParentObject: {fileID: 443674, guid: a4d020d60b18649af92bb2a05e00d513, type: 2}
  m_PrefabInternal: {fileID: 1379201911}
  m_GameObject: {fileID: 53555343}
  m_LocalRotation: {x: 0, y: 0, z: 0, w: 1}
  m_LocalPosition: {x: 0, y: 0.61, z: 0}
  m_LocalScale: {x: 0.06934206, y: 0.06934206, z: 0.06934206}
  m_Children: []
  m_Father: {fileID: 1508687906}
  m_RootOrder: 0
  m_LocalEulerAnglesHint: {x: 0, y: 0, z: 0}
--- !u!123 &53555345
LensFlare:
  m_ObjectHideFlags: 0
  m_PrefabParentObject: {fileID: 12343674, guid: a4d020d60b18649af92bb2a05e00d513,
    type: 2}
  m_PrefabInternal: {fileID: 1379201911}
  m_GameObject: {fileID: 53555343}
  m_Enabled: 1
  m_Flare: {fileID: 12100000, guid: 4bd4faf9a6beb484485deba5aeb62c81, type: 2}
  m_Color: {r: 0.8235294, g: 0.15334684, b: 0, a: 1}
  m_Brightness: 0.2
  m_FadeSpeed: 0.1
  m_IgnoreLayers:
    serializedVersion: 2
    m_Bits: 6
  m_Directional: 0
--- !u!1 &175775663
GameObject:
  m_ObjectHideFlags: 0
  m_PrefabParentObject: {fileID: 165722, guid: a4d020d60b18649af92bb2a05e00d513, type: 2}
  m_PrefabInternal: {fileID: 1379201911}
  serializedVersion: 5
  m_Component:
  - component: {fileID: 175775664}
  - component: {fileID: 175775665}
  m_Layer: 0
  m_Name: MountainGlow
  m_TagString: Untagged
  m_Icon: {fileID: 0}
  m_NavMeshLayer: 0
  m_StaticEditorFlags: 0
  m_IsActive: 1
--- !u!4 &175775664
Transform:
  m_ObjectHideFlags: 0
  m_PrefabParentObject: {fileID: 465722, guid: a4d020d60b18649af92bb2a05e00d513, type: 2}
  m_PrefabInternal: {fileID: 1379201911}
  m_GameObject: {fileID: 175775663}
  m_LocalRotation: {x: 0, y: 0, z: 0, w: 1}
  m_LocalPosition: {x: 0, y: 0.61, z: 0}
  m_LocalScale: {x: 0.06934206, y: 0.06934206, z: 0.06934206}
  m_Children: []
  m_Father: {fileID: 1587678537}
  m_RootOrder: 0
  m_LocalEulerAnglesHint: {x: 0, y: 0, z: 0}
--- !u!123 &175775665
LensFlare:
  m_ObjectHideFlags: 0
  m_PrefabParentObject: {fileID: 12365722, guid: a4d020d60b18649af92bb2a05e00d513,
    type: 2}
  m_PrefabInternal: {fileID: 1379201911}
  m_GameObject: {fileID: 175775663}
  m_Enabled: 1
  m_Flare: {fileID: 12100000, guid: 4bd4faf9a6beb484485deba5aeb62c81, type: 2}
  m_Color: {r: 0.8235294, g: 0.15334684, b: 0, a: 1}
  m_Brightness: 0.2
  m_FadeSpeed: 0.1
  m_IgnoreLayers:
    serializedVersion: 2
    m_Bits: 6
  m_Directional: 0
--- !u!1001 &257836533
Prefab:
  m_ObjectHideFlags: 0
  serializedVersion: 2
  m_Modification:
    m_TransformParent: {fileID: 0}
    m_Modifications:
    - target: {fileID: 422300, guid: 6e58b6f7d760a4942b5d1887cdb4a815, type: 2}
      propertyPath: m_LocalPosition.x
      value: 867
      objectReference: {fileID: 0}
    - target: {fileID: 422300, guid: 6e58b6f7d760a4942b5d1887cdb4a815, type: 2}
      propertyPath: m_LocalPosition.y
      value: 3027
      objectReference: {fileID: 0}
    - target: {fileID: 422300, guid: 6e58b6f7d760a4942b5d1887cdb4a815, type: 2}
      propertyPath: m_LocalPosition.z
      value: 14736
      objectReference: {fileID: 0}
    - target: {fileID: 422300, guid: 6e58b6f7d760a4942b5d1887cdb4a815, type: 2}
      propertyPath: m_LocalRotation.x
      value: 0
      objectReference: {fileID: 0}
    - target: {fileID: 422300, guid: 6e58b6f7d760a4942b5d1887cdb4a815, type: 2}
      propertyPath: m_LocalRotation.y
      value: 0
      objectReference: {fileID: 0}
    - target: {fileID: 422300, guid: 6e58b6f7d760a4942b5d1887cdb4a815, type: 2}
      propertyPath: m_LocalRotation.z
      value: 0
      objectReference: {fileID: 0}
    - target: {fileID: 422300, guid: 6e58b6f7d760a4942b5d1887cdb4a815, type: 2}
      propertyPath: m_LocalRotation.w
      value: 1
      objectReference: {fileID: 0}
    - target: {fileID: 422300, guid: 6e58b6f7d760a4942b5d1887cdb4a815, type: 2}
      propertyPath: m_RootOrder
      value: 3
      objectReference: {fileID: 0}
    - target: {fileID: 422300, guid: 6e58b6f7d760a4942b5d1887cdb4a815, type: 2}
      propertyPath: m_LocalScale.x
      value: 1
      objectReference: {fileID: 0}
    - target: {fileID: 422300, guid: 6e58b6f7d760a4942b5d1887cdb4a815, type: 2}
      propertyPath: m_LocalScale.y
      value: 1
      objectReference: {fileID: 0}
    - target: {fileID: 422300, guid: 6e58b6f7d760a4942b5d1887cdb4a815, type: 2}
      propertyPath: m_LocalScale.z
      value: 1
      objectReference: {fileID: 0}
    - target: {fileID: 12322300, guid: 6e58b6f7d760a4942b5d1887cdb4a815, type: 2}
      propertyPath: m_Color.r
      value: .266666681
      objectReference: {fileID: 0}
    - target: {fileID: 12322300, guid: 6e58b6f7d760a4942b5d1887cdb4a815, type: 2}
      propertyPath: m_Color.g
      value: .197102338
      objectReference: {fileID: 0}
    - target: {fileID: 12322300, guid: 6e58b6f7d760a4942b5d1887cdb4a815, type: 2}
      propertyPath: m_Color.b
      value: .117124185
      objectReference: {fileID: 0}
    - target: {fileID: 12322300, guid: 6e58b6f7d760a4942b5d1887cdb4a815, type: 2}
      propertyPath: m_Brightness
      value: .819999993
      objectReference: {fileID: 0}
    m_RemovedComponents: []
  m_ParentPrefab: {fileID: 100100000, guid: 6e58b6f7d760a4942b5d1887cdb4a815, type: 2}
  m_RootGameObject: {fileID: 1444936226}
  m_IsPrefabParent: 0
--- !u!1 &263967663
GameObject:
  m_ObjectHideFlags: 0
  m_PrefabParentObject: {fileID: 101868, guid: a4d020d60b18649af92bb2a05e00d513, type: 2}
  m_PrefabInternal: {fileID: 1379201911}
  serializedVersion: 5
  m_Component:
  - component: {fileID: 263967664}
  - component: {fileID: 263967667}
  - component: {fileID: 263967666}
  - component: {fileID: 263967665}
  m_Layer: 0
  m_Name: AllSky_DemoEnvironment_Light
  m_TagString: Untagged
  m_Icon: {fileID: 0}
  m_NavMeshLayer: 0
  m_StaticEditorFlags: 0
  m_IsActive: 1
--- !u!4 &263967664
Transform:
  m_ObjectHideFlags: 0
  m_PrefabParentObject: {fileID: 401868, guid: a4d020d60b18649af92bb2a05e00d513, type: 2}
  m_PrefabInternal: {fileID: 1379201911}
  m_GameObject: {fileID: 263967663}
  m_LocalRotation: {x: 0, y: 0.7071068, z: 0.7071068, w: 0}
  m_LocalPosition: {x: -1.26, y: 17.94, z: -65.51}
  m_LocalScale: {x: 1, y: 1, z: 1}
  m_Children: []
  m_Father: {fileID: 1955592197}
  m_RootOrder: 11
  m_LocalEulerAnglesHint: {x: 0, y: 0, z: 0}
--- !u!95 &263967665
Animator:
  serializedVersion: 3
  m_ObjectHideFlags: 0
  m_PrefabParentObject: {fileID: 9501868, guid: a4d020d60b18649af92bb2a05e00d513,
    type: 2}
  m_PrefabInternal: {fileID: 1379201911}
  m_GameObject: {fileID: 263967663}
  m_Enabled: 1
  m_Avatar: {fileID: 9000000, guid: a86608a16093647c082aa3ccf69d2558, type: 3}
  m_Controller: {fileID: 0}
  m_CullingMode: 0
  m_UpdateMode: 0
  m_ApplyRootMotion: 1
  m_LinearVelocityBlending: 0
  m_WarningMessage: 
  m_HasTransformHierarchy: 1
  m_AllowConstantClipSamplingOptimization: 1
--- !u!23 &263967666
MeshRenderer:
  m_ObjectHideFlags: 0
  m_PrefabParentObject: {fileID: 2301868, guid: a4d020d60b18649af92bb2a05e00d513,
    type: 2}
  m_PrefabInternal: {fileID: 1379201911}
  m_GameObject: {fileID: 263967663}
  m_Enabled: 1
  m_CastShadows: 1
  m_ReceiveShadows: 1
  m_MotionVectors: 1
  m_LightProbeUsage: 0
  m_ReflectionProbeUsage: 1
  m_Materials:
  - {fileID: 2100000, guid: 05aa87d4636d34850a6f48daedd1b55c, type: 2}
  - {fileID: 2100000, guid: a7f9f8058b27648f4ba9ed54ced4ac00, type: 2}
  m_StaticBatchInfo:
    firstSubMesh: 0
    subMeshCount: 0
  m_StaticBatchRoot: {fileID: 0}
  m_ProbeAnchor: {fileID: 0}
  m_LightProbeVolumeOverride: {fileID: 0}
  m_ScaleInLightmap: 1
  m_PreserveUVs: 0
  m_IgnoreNormalsForChartDetection: 0
  m_ImportantGI: 0
  m_SelectedEditorRenderState: 3
  m_MinimumChartSize: 4
  m_AutoUVMaxDistance: 0.5
  m_AutoUVMaxAngle: 89
  m_LightmapParameters: {fileID: 0}
  m_SortingLayerID: 0
  m_SortingLayer: 0
  m_SortingOrder: 0
--- !u!33 &263967667
MeshFilter:
  m_ObjectHideFlags: 0
  m_PrefabParentObject: {fileID: 3301868, guid: a4d020d60b18649af92bb2a05e00d513,
    type: 2}
  m_PrefabInternal: {fileID: 1379201911}
  m_GameObject: {fileID: 263967663}
  m_Mesh: {fileID: 4300000, guid: a86608a16093647c082aa3ccf69d2558, type: 3}
--- !u!1 &271761009
GameObject:
  m_ObjectHideFlags: 0
  m_PrefabParentObject: {fileID: 118416, guid: a4d020d60b18649af92bb2a05e00d513, type: 2}
  m_PrefabInternal: {fileID: 1379201911}
  serializedVersion: 5
  m_Component:
  - component: {fileID: 271761010}
  - component: {fileID: 271761012}
  - component: {fileID: 271761011}
  m_Layer: 5
  m_Name: Text_DemoEnv
  m_TagString: Untagged
  m_Icon: {fileID: 0}
  m_NavMeshLayer: 0
  m_StaticEditorFlags: 0
  m_IsActive: 1
--- !u!224 &271761010
RectTransform:
  m_ObjectHideFlags: 0
  m_PrefabParentObject: {fileID: 22418416, guid: a4d020d60b18649af92bb2a05e00d513,
    type: 2}
  m_PrefabInternal: {fileID: 1379201911}
  m_GameObject: {fileID: 271761009}
  m_LocalRotation: {x: 0, y: 0.00000041787274, z: 0, w: 1}
  m_LocalPosition: {x: 0, y: 0, z: 0.00020241861}
  m_LocalScale: {x: 1, y: 1, z: 1}
  m_Children: []
  m_Father: {fileID: 1970330492}
  m_RootOrder: 2
  m_LocalEulerAnglesHint: {x: 0, y: 0, z: 0}
  m_AnchorMin: {x: 0, y: 0}
  m_AnchorMax: {x: 0, y: 0}
  m_AnchoredPosition: {x: 414.8, y: -17.300049}
  m_SizeDelta: {x: 800, y: 83}
  m_Pivot: {x: 0.5, y: 0.5}
--- !u!114 &271761011
MonoBehaviour:
  m_ObjectHideFlags: 0
  m_PrefabParentObject: {fileID: 11418416, guid: a4d020d60b18649af92bb2a05e00d513,
    type: 2}
  m_PrefabInternal: {fileID: 1379201911}
  m_GameObject: {fileID: 271761009}
  m_Enabled: 1
  m_EditorHideFlags: 0
  m_Script: {fileID: 708705254, guid: f5f67c52d1564df4a8936ccd202a3bd8, type: 3}
  m_Name: 
  m_EditorClassIdentifier: 
  m_Material: {fileID: 0}
  m_Color: {r: 1, g: 1, b: 1, a: 0.63529414}
  m_RaycastTarget: 1
  m_OnCullStateChanged:
    m_PersistentCalls:
      m_Calls: []
    m_TypeName: UnityEngine.UI.MaskableGraphic+CullStateChangedEvent, UnityEngine.UI,
      Version=1.0.0.0, Culture=neutral, PublicKeyToken=null
  m_FontData:
    m_Font: {fileID: 10102, guid: 0000000000000000e000000000000000, type: 0}
    m_FontSize: 14
    m_FontStyle: 0
    m_BestFit: 0
    m_MinSize: 10
    m_MaxSize: 40
    m_Alignment: 0
    m_AlignByGeometry: 0
    m_RichText: 1
    m_HorizontalOverflow: 0
    m_VerticalOverflow: 0
    m_LineSpacing: 1
  m_Text: Demo Environments (Deferred Render, Linear Lighting)
--- !u!222 &271761012
CanvasRenderer:
  m_ObjectHideFlags: 0
  m_PrefabParentObject: {fileID: 22218416, guid: a4d020d60b18649af92bb2a05e00d513,
    type: 2}
  m_PrefabInternal: {fileID: 1379201911}
  m_GameObject: {fileID: 271761009}
--- !u!1 &375117733
GameObject:
  m_ObjectHideFlags: 0
  m_PrefabParentObject: {fileID: 101874, guid: a4d020d60b18649af92bb2a05e00d513, type: 2}
  m_PrefabInternal: {fileID: 1379201911}
  serializedVersion: 5
  m_Component:
  - component: {fileID: 375117734}
  - component: {fileID: 375117737}
  - component: {fileID: 375117736}
  - component: {fileID: 375117735}
  m_Layer: 0
  m_Name: AllSky_DemoEnvironment_Light
  m_TagString: Untagged
  m_Icon: {fileID: 0}
  m_NavMeshLayer: 0
  m_StaticEditorFlags: 0
  m_IsActive: 1
--- !u!4 &375117734
Transform:
  m_ObjectHideFlags: 0
  m_PrefabParentObject: {fileID: 401874, guid: a4d020d60b18649af92bb2a05e00d513, type: 2}
  m_PrefabInternal: {fileID: 1379201911}
  m_GameObject: {fileID: 375117733}
  m_LocalRotation: {x: -4.32978e-17, y: 0.7071067, z: 0.7071068, w: -4.3297806e-17}
  m_LocalPosition: {x: 15.59, y: 17.94, z: 51.57}
  m_LocalScale: {x: 1, y: 1, z: 1}
  m_Children: []
  m_Father: {fileID: 1955592197}
  m_RootOrder: 8
  m_LocalEulerAnglesHint: {x: 0, y: 0, z: 0}
--- !u!95 &375117735
Animator:
  serializedVersion: 3
  m_ObjectHideFlags: 0
  m_PrefabParentObject: {fileID: 9501874, guid: a4d020d60b18649af92bb2a05e00d513,
    type: 2}
  m_PrefabInternal: {fileID: 1379201911}
  m_GameObject: {fileID: 375117733}
  m_Enabled: 1
  m_Avatar: {fileID: 9000000, guid: a86608a16093647c082aa3ccf69d2558, type: 3}
  m_Controller: {fileID: 0}
  m_CullingMode: 0
  m_UpdateMode: 0
  m_ApplyRootMotion: 1
  m_LinearVelocityBlending: 0
  m_WarningMessage: 
  m_HasTransformHierarchy: 1
  m_AllowConstantClipSamplingOptimization: 1
--- !u!23 &375117736
MeshRenderer:
  m_ObjectHideFlags: 0
  m_PrefabParentObject: {fileID: 2301874, guid: a4d020d60b18649af92bb2a05e00d513,
    type: 2}
  m_PrefabInternal: {fileID: 1379201911}
  m_GameObject: {fileID: 375117733}
  m_Enabled: 1
  m_CastShadows: 1
  m_ReceiveShadows: 1
  m_MotionVectors: 1
  m_LightProbeUsage: 0
  m_ReflectionProbeUsage: 1
  m_Materials:
  - {fileID: 2100000, guid: 05aa87d4636d34850a6f48daedd1b55c, type: 2}
  - {fileID: 2100000, guid: a7f9f8058b27648f4ba9ed54ced4ac00, type: 2}
  m_StaticBatchInfo:
    firstSubMesh: 0
    subMeshCount: 0
  m_StaticBatchRoot: {fileID: 0}
  m_ProbeAnchor: {fileID: 0}
  m_LightProbeVolumeOverride: {fileID: 0}
  m_ScaleInLightmap: 1
  m_PreserveUVs: 0
  m_IgnoreNormalsForChartDetection: 0
  m_ImportantGI: 0
  m_SelectedEditorRenderState: 3
  m_MinimumChartSize: 4
  m_AutoUVMaxDistance: 0.5
  m_AutoUVMaxAngle: 89
  m_LightmapParameters: {fileID: 0}
  m_SortingLayerID: 0
  m_SortingLayer: 0
  m_SortingOrder: 0
--- !u!33 &375117737
MeshFilter:
  m_ObjectHideFlags: 0
  m_PrefabParentObject: {fileID: 3301874, guid: a4d020d60b18649af92bb2a05e00d513,
    type: 2}
  m_PrefabInternal: {fileID: 1379201911}
  m_GameObject: {fileID: 375117733}
  m_Mesh: {fileID: 4300000, guid: a86608a16093647c082aa3ccf69d2558, type: 3}
--- !u!1 &392846873
GameObject:
  m_ObjectHideFlags: 0
  m_PrefabParentObject: {fileID: 109848, guid: a4d020d60b18649af92bb2a05e00d513, type: 2}
  m_PrefabInternal: {fileID: 1379201911}
  serializedVersion: 5
  m_Component:
  - component: {fileID: 392846874}
  - component: {fileID: 392846875}
  m_Layer: 0
  m_Name: Point light
  m_TagString: Untagged
  m_Icon: {fileID: 0}
  m_NavMeshLayer: 0
  m_StaticEditorFlags: 0
  m_IsActive: 1
--- !u!4 &392846874
Transform:
  m_ObjectHideFlags: 0
  m_PrefabParentObject: {fileID: 409848, guid: a4d020d60b18649af92bb2a05e00d513, type: 2}
  m_PrefabInternal: {fileID: 1379201911}
  m_GameObject: {fileID: 392846873}
  m_LocalRotation: {x: 0, y: 0, z: 0, w: 1}
  m_LocalPosition: {x: -69.92, y: 17.68, z: 14.58}
  m_LocalScale: {x: 1, y: 1, z: 1}
  m_Children: []
  m_Father: {fileID: 1955592197}
  m_RootOrder: 15
  m_LocalEulerAnglesHint: {x: 0, y: 0, z: 0}
--- !u!108 &392846875
Light:
  m_ObjectHideFlags: 0
  m_PrefabParentObject: {fileID: 10809848, guid: a4d020d60b18649af92bb2a05e00d513,
    type: 2}
  m_PrefabInternal: {fileID: 1379201911}
  m_GameObject: {fileID: 392846873}
  m_Enabled: 1
  serializedVersion: 8
  m_Type: 2
  m_Color: {r: 1, g: 0.5939148, b: 0.33088237, a: 1}
  m_Intensity: 0.79774064
  m_Range: 69.46
  m_SpotAngle: 30
  m_CookieSize: 10
  m_Shadows:
    m_Type: 0
    m_Resolution: -1
    m_CustomResolution: -1
    m_Strength: 1
    m_Bias: 0.05
    m_NormalBias: 0.4
    m_NearPlane: 0.2
  m_Cookie: {fileID: 0}
  m_DrawHalo: 0
  m_Flare: {fileID: 0}
  m_RenderMode: 0
  m_CullingMask:
    serializedVersion: 2
    m_Bits: 4294967295
  m_Lightmapping: 1
  m_AreaSize: {x: 1, y: 1}
  m_BounceIntensity: 1
  m_ColorTemperature: 6570
  m_UseColorTemperature: 0
  m_ShadowRadius: 0
  m_ShadowAngle: 0
--- !u!1 &396548785
GameObject:
  m_ObjectHideFlags: 0
  m_PrefabParentObject: {fileID: 111520, guid: a4d020d60b18649af92bb2a05e00d513, type: 2}
  m_PrefabInternal: {fileID: 1379201911}
  serializedVersion: 5
  m_Component:
  - component: {fileID: 396548786}
  - component: {fileID: 396548787}
  m_Layer: 0
  m_Name: Point light
  m_TagString: Untagged
  m_Icon: {fileID: 0}
  m_NavMeshLayer: 0
  m_StaticEditorFlags: 0
  m_IsActive: 1
--- !u!4 &396548786
Transform:
  m_ObjectHideFlags: 0
  m_PrefabParentObject: {fileID: 411520, guid: a4d020d60b18649af92bb2a05e00d513, type: 2}
  m_PrefabInternal: {fileID: 1379201911}
  m_GameObject: {fileID: 396548785}
  m_LocalRotation: {x: 0, y: 0, z: 0, w: 1}
  m_LocalPosition: {x: -4.31, y: 20.03, z: -65.59}
  m_LocalScale: {x: 1, y: 1, z: 1}
  m_Children: []
  m_Father: {fileID: 1955592197}
  m_RootOrder: 6
  m_LocalEulerAnglesHint: {x: 0, y: 0, z: 0}
--- !u!108 &396548787
Light:
  m_ObjectHideFlags: 0
  m_PrefabParentObject: {fileID: 10811522, guid: a4d020d60b18649af92bb2a05e00d513,
    type: 2}
  m_PrefabInternal: {fileID: 1379201911}
  m_GameObject: {fileID: 396548785}
  m_Enabled: 1
  serializedVersion: 8
  m_Type: 2
  m_Color: {r: 1, g: 0.5939148, b: 0.33088237, a: 1}
  m_Intensity: 0.79774064
  m_Range: 69.46
  m_SpotAngle: 30
  m_CookieSize: 10
  m_Shadows:
    m_Type: 0
    m_Resolution: -1
    m_CustomResolution: -1
    m_Strength: 1
    m_Bias: 0.05
    m_NormalBias: 0.4
    m_NearPlane: 0.2
  m_Cookie: {fileID: 0}
  m_DrawHalo: 0
  m_Flare: {fileID: 0}
  m_RenderMode: 0
  m_CullingMask:
    serializedVersion: 2
    m_Bits: 4294967295
  m_Lightmapping: 1
  m_AreaSize: {x: 1, y: 1}
  m_BounceIntensity: 1
  m_ColorTemperature: 6570
  m_UseColorTemperature: 0
  m_ShadowRadius: 0
  m_ShadowAngle: 0
--- !u!1 &469117867
GameObject:
  m_ObjectHideFlags: 0
  m_PrefabParentObject: {fileID: 137552, guid: a4d020d60b18649af92bb2a05e00d513, type: 2}
  m_PrefabInternal: {fileID: 1379201911}
  serializedVersion: 5
  m_Component:
  - component: {fileID: 469117868}
  - component: {fileID: 469117870}
  - component: {fileID: 469117869}
  m_Layer: 5
  m_Name: Text_SkyRes
  m_TagString: Untagged
  m_Icon: {fileID: 0}
  m_NavMeshLayer: 0
  m_StaticEditorFlags: 0
  m_IsActive: 0
--- !u!224 &469117868
RectTransform:
  m_ObjectHideFlags: 0
  m_PrefabParentObject: {fileID: 22483558, guid: a4d020d60b18649af92bb2a05e00d513,
    type: 2}
  m_PrefabInternal: {fileID: 1379201911}
  m_GameObject: {fileID: 469117867}
  m_LocalRotation: {x: 0, y: 0.00000041723246, z: 0, w: 1}
  m_LocalPosition: {x: 0, y: 0, z: -0.00018717097}
  m_LocalScale: {x: 1, y: 1, z: 1}
  m_Children: []
  m_Father: {fileID: 1970330492}
  m_RootOrder: 1
  m_LocalEulerAnglesHint: {x: 0, y: 0, z: 0}
  m_AnchorMin: {x: 1, y: 0}
  m_AnchorMax: {x: 1, y: 0}
  m_AnchoredPosition: {x: -62.30005, y: -17.30011}
  m_SizeDelta: {x: 800, y: 83}
  m_Pivot: {x: 0.5, y: 0.5}
--- !u!114 &469117869
MonoBehaviour:
  m_ObjectHideFlags: 0
  m_PrefabParentObject: {fileID: 11486782, guid: a4d020d60b18649af92bb2a05e00d513,
    type: 2}
  m_PrefabInternal: {fileID: 1379201911}
  m_GameObject: {fileID: 469117867}
  m_Enabled: 1
  m_EditorHideFlags: 0
  m_Script: {fileID: 708705254, guid: f5f67c52d1564df4a8936ccd202a3bd8, type: 3}
  m_Name: 
  m_EditorClassIdentifier: 
  m_Material: {fileID: 0}
  m_Color: {r: 1, g: 1, b: 1, a: 0.63529414}
  m_RaycastTarget: 1
  m_OnCullStateChanged:
    m_PersistentCalls:
      m_Calls: []
    m_TypeName: UnityEngine.UI.MaskableGraphic+CullStateChangedEvent, UnityEngine.UI,
      Version=1.0.0.0, Culture=neutral, PublicKeyToken=null
  m_FontData:
    m_Font: {fileID: 10102, guid: 0000000000000000e000000000000000, type: 0}
    m_FontSize: 14
    m_FontStyle: 0
    m_BestFit: 0
    m_MinSize: 10
    m_MaxSize: 40
    m_Alignment: 0
    m_AlignByGeometry: 0
    m_RichText: 1
    m_HorizontalOverflow: 0
    m_VerticalOverflow: 0
    m_LineSpacing: 1
  m_Text: "Sky resolution can be increased on texture inspector panel.\x03"
--- !u!222 &469117870
CanvasRenderer:
  m_ObjectHideFlags: 0
  m_PrefabParentObject: {fileID: 22275520, guid: a4d020d60b18649af92bb2a05e00d513,
    type: 2}
  m_PrefabInternal: {fileID: 1379201911}
  m_GameObject: {fileID: 469117867}
--- !u!1 &618320019
GameObject:
  m_ObjectHideFlags: 0
  m_PrefabParentObject: {fileID: 154384, guid: a4d020d60b18649af92bb2a05e00d513, type: 2}
  m_PrefabInternal: {fileID: 1379201911}
  serializedVersion: 5
  m_Component:
  - component: {fileID: 618320020}
  - component: {fileID: 618320021}
  m_Layer: 0
  m_Name: Point light
  m_TagString: Untagged
  m_Icon: {fileID: 0}
  m_NavMeshLayer: 0
  m_StaticEditorFlags: 0
  m_IsActive: 1
--- !u!4 &618320020
Transform:
  m_ObjectHideFlags: 0
  m_PrefabParentObject: {fileID: 454384, guid: a4d020d60b18649af92bb2a05e00d513, type: 2}
  m_PrefabInternal: {fileID: 1379201911}
  m_GameObject: {fileID: 618320019}
  m_LocalRotation: {x: 0, y: 0, z: 0, w: 1}
  m_LocalPosition: {x: -3.3, y: 18.2, z: -44.7}
  m_LocalScale: {x: 1, y: 1, z: 1}
  m_Children: []
  m_Father: {fileID: 1955592197}
  m_RootOrder: 4
  m_LocalEulerAnglesHint: {x: 0, y: 0, z: 0}
--- !u!108 &618320021
Light:
  m_ObjectHideFlags: 0
  m_PrefabParentObject: {fileID: 10854384, guid: a4d020d60b18649af92bb2a05e00d513,
    type: 2}
  m_PrefabInternal: {fileID: 1379201911}
  m_GameObject: {fileID: 618320019}
  m_Enabled: 1
  serializedVersion: 8
  m_Type: 2
  m_Color: {r: 1, g: 0.5939148, b: 0.33088237, a: 1}
  m_Intensity: 0.79774064
  m_Range: 69.46
  m_SpotAngle: 30
  m_CookieSize: 10
  m_Shadows:
    m_Type: 0
    m_Resolution: -1
    m_CustomResolution: -1
    m_Strength: 1
    m_Bias: 0.05
    m_NormalBias: 0.4
    m_NearPlane: 0.2
  m_Cookie: {fileID: 0}
  m_DrawHalo: 0
  m_Flare: {fileID: 0}
  m_RenderMode: 0
  m_CullingMask:
    serializedVersion: 2
    m_Bits: 4294967295
  m_Lightmapping: 1
  m_AreaSize: {x: 1, y: 1}
  m_BounceIntensity: 1
  m_ColorTemperature: 6570
  m_UseColorTemperature: 0
  m_ShadowRadius: 0
  m_ShadowAngle: 0
--- !u!1 &787059817
GameObject:
  m_ObjectHideFlags: 0
  m_PrefabParentObject: {fileID: 124194, guid: a4d020d60b18649af92bb2a05e00d513, type: 2}
  m_PrefabInternal: {fileID: 1379201911}
  serializedVersion: 5
  m_Component:
  - component: {fileID: 787059818}
  - component: {fileID: 787059821}
  - component: {fileID: 787059820}
  - component: {fileID: 787059819}
  m_Layer: 0
  m_Name: MountainGlowObject
  m_TagString: Untagged
  m_Icon: {fileID: 0}
  m_NavMeshLayer: 0
  m_StaticEditorFlags: 0
  m_IsActive: 1
--- !u!4 &787059818
Transform:
  m_ObjectHideFlags: 0
  m_PrefabParentObject: {fileID: 424194, guid: a4d020d60b18649af92bb2a05e00d513, type: 2}
  m_PrefabInternal: {fileID: 1379201911}
  m_GameObject: {fileID: 787059817}
  m_LocalRotation: {x: 0, y: 0, z: 0, w: 1}
  m_LocalPosition: {x: 257.05, y: 256.72, z: 710.12}
  m_LocalScale: {x: 9.1256075, y: 9.125607, z: 9.125607}
  m_Children:
  - {fileID: 1571895208}
  - {fileID: 1521869901}
  m_Father: {fileID: 1955592197}
  m_RootOrder: 18
  m_LocalEulerAnglesHint: {x: 0, y: 0, z: 0}
--- !u!23 &787059819
MeshRenderer:
  m_ObjectHideFlags: 0
  m_PrefabParentObject: {fileID: 2324192, guid: a4d020d60b18649af92bb2a05e00d513,
    type: 2}
  m_PrefabInternal: {fileID: 1379201911}
  m_GameObject: {fileID: 787059817}
  m_Enabled: 1
  m_CastShadows: 1
  m_ReceiveShadows: 1
  m_MotionVectors: 1
  m_LightProbeUsage: 0
  m_ReflectionProbeUsage: 1
  m_Materials:
  - {fileID: 2100000, guid: 413befd66bdd84d569871d0524b4685a, type: 2}
  m_StaticBatchInfo:
    firstSubMesh: 0
    subMeshCount: 0
  m_StaticBatchRoot: {fileID: 0}
  m_ProbeAnchor: {fileID: 0}
  m_LightProbeVolumeOverride: {fileID: 0}
  m_ScaleInLightmap: 1
  m_PreserveUVs: 0
  m_IgnoreNormalsForChartDetection: 0
  m_ImportantGI: 0
  m_SelectedEditorRenderState: 3
  m_MinimumChartSize: 4
  m_AutoUVMaxDistance: 0.5
  m_AutoUVMaxAngle: 89
  m_LightmapParameters: {fileID: 0}
  m_SortingLayerID: 0
  m_SortingLayer: 0
  m_SortingOrder: 0
--- !u!135 &787059820
SphereCollider:
  m_ObjectHideFlags: 0
  m_PrefabParentObject: {fileID: 13524192, guid: a4d020d60b18649af92bb2a05e00d513,
    type: 2}
  m_PrefabInternal: {fileID: 1379201911}
  m_GameObject: {fileID: 787059817}
  m_Material: {fileID: 0}
  m_IsTrigger: 0
  m_Enabled: 1
  serializedVersion: 2
  m_Radius: 0.5
  m_Center: {x: 0, y: 0, z: 0}
--- !u!33 &787059821
MeshFilter:
  m_ObjectHideFlags: 0
  m_PrefabParentObject: {fileID: 3324192, guid: a4d020d60b18649af92bb2a05e00d513,
    type: 2}
  m_PrefabInternal: {fileID: 1379201911}
  m_GameObject: {fileID: 787059817}
  m_Mesh: {fileID: 10207, guid: 0000000000000000e000000000000000, type: 0}
--- !u!1 &947721322
GameObject:
  m_ObjectHideFlags: 0
  m_PrefabParentObject: {fileID: 111518, guid: a4d020d60b18649af92bb2a05e00d513, type: 2}
  m_PrefabInternal: {fileID: 1379201911}
  serializedVersion: 5
  m_Component:
  - component: {fileID: 947721323}
  - component: {fileID: 947721326}
  - component: {fileID: 947721325}
  - component: {fileID: 947721324}
  m_Layer: 0
  m_Name: AllSky_DemoEnvironment_Light
  m_TagString: Untagged
  m_Icon: {fileID: 0}
  m_NavMeshLayer: 0
  m_StaticEditorFlags: 0
  m_IsActive: 1
--- !u!4 &947721323
Transform:
  m_ObjectHideFlags: 0
  m_PrefabParentObject: {fileID: 411518, guid: a4d020d60b18649af92bb2a05e00d513, type: 2}
  m_PrefabInternal: {fileID: 1379201911}
  m_GameObject: {fileID: 947721322}
  m_LocalRotation: {x: -0.70356476, y: 0.07068698, z: 0.07068698, w: 0.70356476}
  m_LocalPosition: {x: -11.66, y: 18.94, z: -50.71}
  m_LocalScale: {x: 1, y: 1, z: 1}
  m_Children: []
  m_Father: {fileID: 1955592197}
  m_RootOrder: 10
  m_LocalEulerAnglesHint: {x: 0, y: 0, z: 0}
--- !u!95 &947721324
Animator:
  serializedVersion: 3
  m_ObjectHideFlags: 0
  m_PrefabParentObject: {fileID: 9511522, guid: a4d020d60b18649af92bb2a05e00d513,
    type: 2}
  m_PrefabInternal: {fileID: 1379201911}
  m_GameObject: {fileID: 947721322}
  m_Enabled: 1
  m_Avatar: {fileID: 9000000, guid: a86608a16093647c082aa3ccf69d2558, type: 3}
  m_Controller: {fileID: 0}
  m_CullingMode: 0
  m_UpdateMode: 0
  m_ApplyRootMotion: 1
  m_LinearVelocityBlending: 0
  m_WarningMessage: 
  m_HasTransformHierarchy: 1
  m_AllowConstantClipSamplingOptimization: 1
--- !u!23 &947721325
MeshRenderer:
  m_ObjectHideFlags: 0
  m_PrefabParentObject: {fileID: 2311522, guid: a4d020d60b18649af92bb2a05e00d513,
    type: 2}
  m_PrefabInternal: {fileID: 1379201911}
  m_GameObject: {fileID: 947721322}
  m_Enabled: 1
  m_CastShadows: 1
  m_ReceiveShadows: 1
  m_MotionVectors: 1
  m_LightProbeUsage: 0
  m_ReflectionProbeUsage: 1
  m_Materials:
  - {fileID: 2100000, guid: 05aa87d4636d34850a6f48daedd1b55c, type: 2}
  - {fileID: 2100000, guid: a7f9f8058b27648f4ba9ed54ced4ac00, type: 2}
  m_StaticBatchInfo:
    firstSubMesh: 0
    subMeshCount: 0
  m_StaticBatchRoot: {fileID: 0}
  m_ProbeAnchor: {fileID: 0}
  m_LightProbeVolumeOverride: {fileID: 0}
  m_ScaleInLightmap: 1
  m_PreserveUVs: 0
  m_IgnoreNormalsForChartDetection: 0
  m_ImportantGI: 0
  m_SelectedEditorRenderState: 3
  m_MinimumChartSize: 4
  m_AutoUVMaxDistance: 0.5
  m_AutoUVMaxAngle: 89
  m_LightmapParameters: {fileID: 0}
  m_SortingLayerID: 0
  m_SortingLayer: 0
  m_SortingOrder: 0
--- !u!33 &947721326
MeshFilter:
  m_ObjectHideFlags: 0
  m_PrefabParentObject: {fileID: 3311522, guid: a4d020d60b18649af92bb2a05e00d513,
    type: 2}
  m_PrefabInternal: {fileID: 1379201911}
  m_GameObject: {fileID: 947721322}
  m_Mesh: {fileID: 4300000, guid: a86608a16093647c082aa3ccf69d2558, type: 3}
--- !u!1 &961908115
GameObject:
  m_ObjectHideFlags: 0
  m_PrefabParentObject: {fileID: 118418, guid: a4d020d60b18649af92bb2a05e00d513, type: 2}
  m_PrefabInternal: {fileID: 1379201911}
  serializedVersion: 5
  m_Component:
  - component: {fileID: 961908116}
  - component: {fileID: 961908118}
  - component: {fileID: 961908117}
  m_Layer: 5
  m_Name: AllSkyLogo
  m_TagString: Untagged
  m_Icon: {fileID: 0}
  m_NavMeshLayer: 0
  m_StaticEditorFlags: 0
  m_IsActive: 1
--- !u!224 &961908116
RectTransform:
  m_ObjectHideFlags: 0
  m_PrefabParentObject: {fileID: 22418418, guid: a4d020d60b18649af92bb2a05e00d513,
    type: 2}
  m_PrefabInternal: {fileID: 1379201911}
  m_GameObject: {fileID: 961908115}
  m_LocalRotation: {x: 0, y: 0, z: 0, w: 1}
  m_LocalPosition: {x: 0, y: 0, z: 0}
  m_LocalScale: {x: 2, y: 1, z: 1}
  m_Children: []
  m_Father: {fileID: 1970330492}
  m_RootOrder: 3
  m_LocalEulerAnglesHint: {x: 0, y: 0, z: 0}
  m_AnchorMin: {x: 0, y: 0}
  m_AnchorMax: {x: 0, y: 0}
  m_AnchoredPosition: {x: 99.399994, y: 44.600006}
  m_SizeDelta: {x: 100, y: 100}
  m_Pivot: {x: 0.5, y: 0.5}
--- !u!114 &961908117
MonoBehaviour:
  m_ObjectHideFlags: 0
  m_PrefabParentObject: {fileID: 11418418, guid: a4d020d60b18649af92bb2a05e00d513,
    type: 2}
  m_PrefabInternal: {fileID: 1379201911}
  m_GameObject: {fileID: 961908115}
  m_Enabled: 1
  m_EditorHideFlags: 0
  m_Script: {fileID: -765806418, guid: f5f67c52d1564df4a8936ccd202a3bd8, type: 3}
  m_Name: 
  m_EditorClassIdentifier: 
  m_Material: {fileID: 2100000, guid: aa556f6275fc744de969c712a17350e7, type: 2}
  m_Color: {r: 1, g: 1, b: 1, a: 1}
  m_RaycastTarget: 1
  m_OnCullStateChanged:
    m_PersistentCalls:
      m_Calls: []
    m_TypeName: UnityEngine.UI.MaskableGraphic+CullStateChangedEvent, UnityEngine.UI,
      Version=1.0.0.0, Culture=neutral, PublicKeyToken=null
  m_Sprite: {fileID: 21300000, guid: a5075efb0c5504a389b38cf795aabf4c, type: 3}
  m_Type: 0
  m_PreserveAspect: 0
  m_FillCenter: 1
  m_FillMethod: 4
  m_FillAmount: 1
  m_FillClockwise: 1
  m_FillOrigin: 0
--- !u!222 &961908118
CanvasRenderer:
  m_ObjectHideFlags: 0
  m_PrefabParentObject: {fileID: 22218418, guid: a4d020d60b18649af92bb2a05e00d513,
    type: 2}
  m_PrefabInternal: {fileID: 1379201911}
  m_GameObject: {fileID: 961908115}
--- !u!1 &1007325225
GameObject:
  m_ObjectHideFlags: 0
  m_PrefabParentObject: {fileID: 143670, guid: a4d020d60b18649af92bb2a05e00d513, type: 2}
  m_PrefabInternal: {fileID: 1379201911}
  serializedVersion: 5
  m_Component:
  - component: {fileID: 1007325226}
  - component: {fileID: 1007325227}
  m_Layer: 0
  m_Name: Point light
  m_TagString: Untagged
  m_Icon: {fileID: 0}
  m_NavMeshLayer: 0
  m_StaticEditorFlags: 0
  m_IsActive: 1
--- !u!4 &1007325226
Transform:
  m_ObjectHideFlags: 0
  m_PrefabParentObject: {fileID: 443670, guid: a4d020d60b18649af92bb2a05e00d513, type: 2}
  m_PrefabInternal: {fileID: 1379201911}
  m_GameObject: {fileID: 1007325225}
  m_LocalRotation: {x: 0, y: 0, z: 0, w: 1}
  m_LocalPosition: {x: -0.11163661, y: 1.1386985, z: 0.038274024}
  m_LocalScale: {x: 0.15948157, y: 0.15948159, z: 0.15948159}
  m_Children: []
  m_Father: {fileID: 1508687906}
  m_RootOrder: 1
  m_LocalEulerAnglesHint: {x: 0, y: 0, z: 0}
--- !u!108 &1007325227
Light:
  m_ObjectHideFlags: 0
  m_PrefabParentObject: {fileID: 10843674, guid: a4d020d60b18649af92bb2a05e00d513,
    type: 2}
  m_PrefabInternal: {fileID: 1379201911}
  m_GameObject: {fileID: 1007325225}
  m_Enabled: 1
  serializedVersion: 8
  m_Type: 2
  m_Color: {r: 0.9632353, g: 0.17936105, b: 0, a: 1}
  m_Intensity: 0.84
  m_Range: 288.7775
  m_SpotAngle: 30
  m_CookieSize: 10
  m_Shadows:
    m_Type: 0
    m_Resolution: -1
    m_CustomResolution: -1
    m_Strength: 1
    m_Bias: 0.05
    m_NormalBias: 0.4
    m_NearPlane: 0.2
  m_Cookie: {fileID: 0}
  m_DrawHalo: 0
  m_Flare: {fileID: 0}
  m_RenderMode: 0
  m_CullingMask:
    serializedVersion: 2
    m_Bits: 4294967295
  m_Lightmapping: 1
  m_AreaSize: {x: 1, y: 1}
  m_BounceIntensity: 1
  m_ColorTemperature: 6570
  m_UseColorTemperature: 0
  m_ShadowRadius: 0
  m_ShadowAngle: 0
--- !u!1 &1192864539
GameObject:
  m_ObjectHideFlags: 0
  m_PrefabParentObject: {fileID: 0}
  m_PrefabInternal: {fileID: 0}
  serializedVersion: 5
  m_Component:
  - component: {fileID: 1192864541}
  - component: {fileID: 1192864540}
  m_Layer: 0
  m_Name: Directional light
  m_TagString: Untagged
  m_Icon: {fileID: 0}
  m_NavMeshLayer: 0
  m_StaticEditorFlags: 0
  m_IsActive: 1
--- !u!108 &1192864540
Light:
  m_ObjectHideFlags: 0
  m_PrefabParentObject: {fileID: 0}
  m_PrefabInternal: {fileID: 0}
  m_GameObject: {fileID: 1192864539}
  m_Enabled: 1
  serializedVersion: 8
  m_Type: 1
  m_Color: {r: 0.99607843, g: 0.5065585, b: 0.2862745, a: 1}
  m_Intensity: 0.66518945
  m_Range: 10
  m_SpotAngle: 30
  m_CookieSize: 10
  m_Shadows:
    m_Type: 1
    m_Resolution: -1
    m_CustomResolution: -1
    m_Strength: 1
    m_Bias: 2
    m_NormalBias: 0
    m_NearPlane: 0.2
  m_Cookie: {fileID: 0}
  m_DrawHalo: 0
  m_Flare: {fileID: 0}
  m_RenderMode: 0
  m_CullingMask:
    serializedVersion: 2
    m_Bits: 4294967295
  m_Lightmapping: 1
  m_AreaSize: {x: 1, y: 1}
  m_BounceIntensity: 1
  m_ColorTemperature: 6570
  m_UseColorTemperature: 0
  m_ShadowRadius: 0
  m_ShadowAngle: 0
--- !u!4 &1192864541
Transform:
  m_ObjectHideFlags: 0
  m_PrefabParentObject: {fileID: 0}
  m_PrefabInternal: {fileID: 0}
  m_GameObject: {fileID: 1192864539}
  m_LocalRotation: {x: 0.9938051, y: 0.029185295, z: -0.026824629, w: 0.10382729}
  m_LocalPosition: {x: 0.532, y: 5.679, z: 4.574}
  m_LocalScale: {x: 1, y: 1, z: 1}
  m_Children: []
  m_Father: {fileID: 0}
  m_RootOrder: 0
  m_LocalEulerAnglesHint: {x: 0, y: 0, z: 0}
--- !u!1 &1202477162
GameObject:
  m_ObjectHideFlags: 0
  m_PrefabParentObject: {fileID: 111524, guid: a4d020d60b18649af92bb2a05e00d513, type: 2}
  m_PrefabInternal: {fileID: 1379201911}
  serializedVersion: 5
  m_Component:
  - component: {fileID: 1202477163}
  - component: {fileID: 1202477164}
  m_Layer: 0
  m_Name: Point light
  m_TagString: Untagged
  m_Icon: {fileID: 0}
  m_NavMeshLayer: 0
  m_StaticEditorFlags: 0
  m_IsActive: 1
--- !u!4 &1202477163
Transform:
  m_ObjectHideFlags: 0
  m_PrefabParentObject: {fileID: 411524, guid: a4d020d60b18649af92bb2a05e00d513, type: 2}
  m_PrefabInternal: {fileID: 1379201911}
  m_GameObject: {fileID: 1202477162}
  m_LocalRotation: {x: 0, y: 0, z: 0, w: 1}
  m_LocalPosition: {x: 72.14, y: 18.34, z: -12}
  m_LocalScale: {x: 1, y: 1, z: 1}
  m_Children: []
  m_Father: {fileID: 1955592197}
  m_RootOrder: 7
  m_LocalEulerAnglesHint: {x: 0, y: 0, z: 0}
--- !u!108 &1202477164
Light:
  m_ObjectHideFlags: 0
  m_PrefabParentObject: {fileID: 10811524, guid: a4d020d60b18649af92bb2a05e00d513,
    type: 2}
  m_PrefabInternal: {fileID: 1379201911}
  m_GameObject: {fileID: 1202477162}
  m_Enabled: 1
  serializedVersion: 8
  m_Type: 2
  m_Color: {r: 1, g: 0.5939148, b: 0.33088237, a: 1}
  m_Intensity: 0.79774064
  m_Range: 69.46
  m_SpotAngle: 30
  m_CookieSize: 10
  m_Shadows:
    m_Type: 0
    m_Resolution: -1
    m_CustomResolution: -1
    m_Strength: 1
    m_Bias: 0.05
    m_NormalBias: 0.4
    m_NearPlane: 0.2
  m_Cookie: {fileID: 0}
  m_DrawHalo: 0
  m_Flare: {fileID: 0}
  m_RenderMode: 0
  m_CullingMask:
    serializedVersion: 2
    m_Bits: 4294967295
  m_Lightmapping: 1
  m_AreaSize: {x: 1, y: 1}
  m_BounceIntensity: 1
  m_ColorTemperature: 6570
  m_UseColorTemperature: 0
  m_ShadowRadius: 0
  m_ShadowAngle: 0
--- !u!1 &1249553564
GameObject:
  m_ObjectHideFlags: 0
  m_PrefabParentObject: {fileID: 172400, guid: a4d020d60b18649af92bb2a05e00d513, type: 2}
  m_PrefabInternal: {fileID: 1379201911}
  serializedVersion: 5
  m_Component:
  - component: {fileID: 1249553565}
  - component: {fileID: 1249553568}
  - component: {fileID: 1249553567}
  - component: {fileID: 1249553566}
  m_Layer: 0
  m_Name: AllSky_DemoEnvironment_Center
  m_TagString: Untagged
  m_Icon: {fileID: 0}
  m_NavMeshLayer: 0
  m_StaticEditorFlags: 0
  m_IsActive: 1
--- !u!4 &1249553565
Transform:
  m_ObjectHideFlags: 0
  m_PrefabParentObject: {fileID: 472400, guid: a4d020d60b18649af92bb2a05e00d513, type: 2}
  m_PrefabInternal: {fileID: 1379201911}
  m_GameObject: {fileID: 1249553564}
  m_LocalRotation: {x: 0, y: 0.7071068, z: 0.7071068, w: 0}
  m_LocalPosition: {x: 0, y: 0, z: 0}
  m_LocalScale: {x: 1, y: 1, z: 1}
  m_Children: []
  m_Father: {fileID: 1955592197}
  m_RootOrder: 0
  m_LocalEulerAnglesHint: {x: 0, y: 0, z: 0}
--- !u!64 &1249553566
MeshCollider:
  m_ObjectHideFlags: 0
  m_PrefabParentObject: {fileID: 6401868, guid: a4d020d60b18649af92bb2a05e00d513,
    type: 2}
  m_PrefabInternal: {fileID: 1379201911}
  m_GameObject: {fileID: 1249553564}
  m_Material: {fileID: 0}
  m_IsTrigger: 0
  m_Enabled: 1
  serializedVersion: 2
  m_Convex: 0
  m_InflateMesh: 0
  m_SkinWidth: 0.01
  m_Mesh: {fileID: 4300000, guid: 6f81d87fbcb2648b0835af8c7c1cd3fb, type: 3}
--- !u!23 &1249553567
MeshRenderer:
  m_ObjectHideFlags: 0
  m_PrefabParentObject: {fileID: 2372400, guid: a4d020d60b18649af92bb2a05e00d513,
    type: 2}
  m_PrefabInternal: {fileID: 1379201911}
  m_GameObject: {fileID: 1249553564}
  m_Enabled: 1
  m_CastShadows: 1
  m_ReceiveShadows: 1
  m_MotionVectors: 1
  m_LightProbeUsage: 0
  m_ReflectionProbeUsage: 1
  m_Materials:
  - {fileID: 2100000, guid: 179503e6ea7a5414da971761ed8ad6a1, type: 2}
  - {fileID: 2100000, guid: 2e6761ef29bab414093fbcc3d8b98559, type: 2}
  - {fileID: 2100000, guid: 13177a7929fc94508aeae20a9a650440, type: 2}
  - {fileID: 2100000, guid: eba7c646abc914766b797ce6e6b6aef8, type: 2}
  - {fileID: 2100000, guid: e647ded4fdda54d5c82ce352c1b0be01, type: 2}
  - {fileID: 2100000, guid: fbc2e1c016c544198be90cefecf38f0f, type: 2}
  - {fileID: 2100000, guid: 174e7977166824bf49a2c2f4b54fd066, type: 2}
  - {fileID: 2100000, guid: 6e219c5ff336949179da2590886e94eb, type: 2}
  - {fileID: 2100000, guid: 3386ea1f916284d438a5d95882e39fd6, type: 2}
  - {fileID: 2100000, guid: 5f35d0bb3bb3e45048ec76b0a3157c01, type: 2}
  m_StaticBatchInfo:
    firstSubMesh: 0
    subMeshCount: 0
  m_StaticBatchRoot: {fileID: 0}
  m_ProbeAnchor: {fileID: 0}
  m_LightProbeVolumeOverride: {fileID: 0}
  m_ScaleInLightmap: 1
  m_PreserveUVs: 0
  m_IgnoreNormalsForChartDetection: 0
  m_ImportantGI: 0
  m_SelectedEditorRenderState: 3
  m_MinimumChartSize: 4
  m_AutoUVMaxDistance: 0.5
  m_AutoUVMaxAngle: 89
  m_LightmapParameters: {fileID: 0}
  m_SortingLayerID: 0
  m_SortingLayer: 0
  m_SortingOrder: 0
--- !u!33 &1249553568
MeshFilter:
  m_ObjectHideFlags: 0
  m_PrefabParentObject: {fileID: 3372400, guid: a4d020d60b18649af92bb2a05e00d513,
    type: 2}
  m_PrefabInternal: {fileID: 1379201911}
  m_GameObject: {fileID: 1249553564}
  m_Mesh: {fileID: 4300000, guid: 6f81d87fbcb2648b0835af8c7c1cd3fb, type: 3}
--- !u!1 &1256507004
GameObject:
  m_ObjectHideFlags: 0
  m_PrefabParentObject: {fileID: 188586, guid: a4d020d60b18649af92bb2a05e00d513, type: 2}
  m_PrefabInternal: {fileID: 1379201911}
  serializedVersion: 5
  m_Component:
  - component: {fileID: 1256507005}
  - component: {fileID: 1256507006}
  m_Layer: 0
  m_Name: Point light
  m_TagString: Untagged
  m_Icon: {fileID: 0}
  m_NavMeshLayer: 0
  m_StaticEditorFlags: 0
  m_IsActive: 1
--- !u!4 &1256507005
Transform:
  m_ObjectHideFlags: 0
  m_PrefabParentObject: {fileID: 488586, guid: a4d020d60b18649af92bb2a05e00d513, type: 2}
  m_PrefabInternal: {fileID: 1379201911}
  m_GameObject: {fileID: 1256507004}
  m_LocalRotation: {x: 0, y: 0, z: 0, w: 1}
  m_LocalPosition: {x: -4.31, y: 20.03, z: -65.59}
  m_LocalScale: {x: 1, y: 1, z: 1}
  m_Children: []
  m_Father: {fileID: 1955592197}
  m_RootOrder: 12
  m_LocalEulerAnglesHint: {x: 0, y: 0, z: 0}
--- !u!108 &1256507006
Light:
  m_ObjectHideFlags: 0
  m_PrefabParentObject: {fileID: 10888586, guid: a4d020d60b18649af92bb2a05e00d513,
    type: 2}
  m_PrefabInternal: {fileID: 1379201911}
  m_GameObject: {fileID: 1256507004}
  m_Enabled: 1
  serializedVersion: 8
  m_Type: 2
  m_Color: {r: 1, g: 0.5939148, b: 0.33088237, a: 1}
  m_Intensity: 0.79774064
  m_Range: 69.46
  m_SpotAngle: 30
  m_CookieSize: 10
  m_Shadows:
    m_Type: 0
    m_Resolution: -1
    m_CustomResolution: -1
    m_Strength: 1
    m_Bias: 0.05
    m_NormalBias: 0.4
    m_NearPlane: 0.2
  m_Cookie: {fileID: 0}
  m_DrawHalo: 0
  m_Flare: {fileID: 0}
  m_RenderMode: 0
  m_CullingMask:
    serializedVersion: 2
    m_Bits: 4294967295
  m_Lightmapping: 1
  m_AreaSize: {x: 1, y: 1}
  m_BounceIntensity: 1
  m_ColorTemperature: 6570
  m_UseColorTemperature: 0
  m_ShadowRadius: 0
  m_ShadowAngle: 0
--- !u!1001 &1379201911
Prefab:
  m_ObjectHideFlags: 0
  serializedVersion: 2
  m_Modification:
    m_TransformParent: {fileID: 0}
    m_Modifications:
    - target: {fileID: 459908, guid: a4d020d60b18649af92bb2a05e00d513, type: 2}
      propertyPath: m_LocalPosition.x
      value: -0
      objectReference: {fileID: 0}
    - target: {fileID: 459908, guid: a4d020d60b18649af92bb2a05e00d513, type: 2}
      propertyPath: m_LocalPosition.y
      value: 0
      objectReference: {fileID: 0}
    - target: {fileID: 459908, guid: a4d020d60b18649af92bb2a05e00d513, type: 2}
      propertyPath: m_LocalPosition.z
      value: 0
      objectReference: {fileID: 0}
    - target: {fileID: 459908, guid: a4d020d60b18649af92bb2a05e00d513, type: 2}
      propertyPath: m_LocalRotation.x
      value: 0
      objectReference: {fileID: 0}
    - target: {fileID: 459908, guid: a4d020d60b18649af92bb2a05e00d513, type: 2}
      propertyPath: m_LocalRotation.y
      value: 0
      objectReference: {fileID: 0}
    - target: {fileID: 459908, guid: a4d020d60b18649af92bb2a05e00d513, type: 2}
      propertyPath: m_LocalRotation.z
      value: 0
      objectReference: {fileID: 0}
    - target: {fileID: 459908, guid: a4d020d60b18649af92bb2a05e00d513, type: 2}
      propertyPath: m_LocalRotation.w
      value: 1
      objectReference: {fileID: 0}
    - target: {fileID: 459908, guid: a4d020d60b18649af92bb2a05e00d513, type: 2}
      propertyPath: m_RootOrder
      value: 1
      objectReference: {fileID: 0}
    - target: {fileID: 459910, guid: a4d020d60b18649af92bb2a05e00d513, type: 2}
      propertyPath: m_LocalScale.x
      value: 3.14383769
      objectReference: {fileID: 0}
    - target: {fileID: 459910, guid: a4d020d60b18649af92bb2a05e00d513, type: 2}
      propertyPath: m_LocalScale.y
      value: 5.4485898
      objectReference: {fileID: 0}
    - target: {fileID: 459910, guid: a4d020d60b18649af92bb2a05e00d513, type: 2}
      propertyPath: m_LocalScale.z
      value: 2.72470284
      objectReference: {fileID: 0}
    - target: {fileID: 459910, guid: a4d020d60b18649af92bb2a05e00d513, type: 2}
      propertyPath: m_LocalPosition.x
      value: .310000002
      objectReference: {fileID: 0}
    - target: {fileID: 459910, guid: a4d020d60b18649af92bb2a05e00d513, type: 2}
      propertyPath: m_LocalPosition.y
      value: 1.07000005
      objectReference: {fileID: 0}
    - target: {fileID: 459910, guid: a4d020d60b18649af92bb2a05e00d513, type: 2}
      propertyPath: m_LocalPosition.z
      value: 5.44000006
      objectReference: {fileID: 0}
    m_RemovedComponents: []
  m_ParentPrefab: {fileID: 100100000, guid: a4d020d60b18649af92bb2a05e00d513, type: 2}
  m_RootGameObject: {fileID: 1955592196}
  m_IsPrefabParent: 0
--- !u!1 &1444936226
GameObject:
  m_ObjectHideFlags: 0
  m_PrefabParentObject: {fileID: 122300, guid: 6e58b6f7d760a4942b5d1887cdb4a815, type: 2}
  m_PrefabInternal: {fileID: 257836533}
  serializedVersion: 5
  m_Component:
  - component: {fileID: 1444936228}
  - component: {fileID: 1444936227}
  m_Layer: 0
  m_Name: SunGlow
  m_TagString: Untagged
  m_Icon: {fileID: 0}
  m_NavMeshLayer: 0
  m_StaticEditorFlags: 0
  m_IsActive: 1
--- !u!123 &1444936227
LensFlare:
  m_ObjectHideFlags: 0
  m_PrefabParentObject: {fileID: 12322300, guid: 6e58b6f7d760a4942b5d1887cdb4a815,
    type: 2}
  m_PrefabInternal: {fileID: 257836533}
  m_GameObject: {fileID: 1444936226}
  m_Enabled: 1
  m_Flare: {fileID: 12100000, guid: 436034cf81451448691149d6bc008327, type: 2}
  m_Color: {r: 0.26666668, g: 0.19710234, b: 0.117124185, a: 1}
  m_Brightness: 0.82
  m_FadeSpeed: 0.1
  m_IgnoreLayers:
    serializedVersion: 2
    m_Bits: 6
  m_Directional: 0
--- !u!4 &1444936228
Transform:
  m_ObjectHideFlags: 0
  m_PrefabParentObject: {fileID: 422300, guid: 6e58b6f7d760a4942b5d1887cdb4a815, type: 2}
  m_PrefabInternal: {fileID: 257836533}
  m_GameObject: {fileID: 1444936226}
  m_LocalRotation: {x: 0, y: 0, z: 0, w: 1}
  m_LocalPosition: {x: 867, y: 3027, z: 14736}
  m_LocalScale: {x: 1, y: 1, z: 1}
  m_Children: []
  m_Father: {fileID: 0}
  m_RootOrder: 2
  m_LocalEulerAnglesHint: {x: 0, y: 0, z: 0}
--- !u!1 &1508687905
GameObject:
  m_ObjectHideFlags: 0
  m_PrefabParentObject: {fileID: 143672, guid: a4d020d60b18649af92bb2a05e00d513, type: 2}
  m_PrefabInternal: {fileID: 1379201911}
  serializedVersion: 5
  m_Component:
  - component: {fileID: 1508687906}
  - component: {fileID: 1508687909}
  - component: {fileID: 1508687908}
  - component: {fileID: 1508687907}
  m_Layer: 0
  m_Name: MountainGlowObject
  m_TagString: Untagged
  m_Icon: {fileID: 0}
  m_NavMeshLayer: 0
  m_StaticEditorFlags: 0
  m_IsActive: 1
--- !u!4 &1508687906
Transform:
  m_ObjectHideFlags: 0
  m_PrefabParentObject: {fileID: 443672, guid: a4d020d60b18649af92bb2a05e00d513, type: 2}
  m_PrefabInternal: {fileID: 1379201911}
  m_GameObject: {fileID: 1508687905}
  m_LocalRotation: {x: 0, y: 0, z: 0, w: 1}
  m_LocalPosition: {x: 192.4, y: 211.66, z: -514.54}
  m_LocalScale: {x: 6.270317, y: 6.2703166, z: 6.2703166}
  m_Children:
  - {fileID: 53555344}
  - {fileID: 1007325226}
  m_Father: {fileID: 1955592197}
  m_RootOrder: 16
  m_LocalEulerAnglesHint: {x: 0, y: 0, z: 0}
--- !u!23 &1508687907
MeshRenderer:
  m_ObjectHideFlags: 0
  m_PrefabParentObject: {fileID: 2343674, guid: a4d020d60b18649af92bb2a05e00d513,
    type: 2}
  m_PrefabInternal: {fileID: 1379201911}
  m_GameObject: {fileID: 1508687905}
  m_Enabled: 1
  m_CastShadows: 1
  m_ReceiveShadows: 1
  m_MotionVectors: 1
  m_LightProbeUsage: 0
  m_ReflectionProbeUsage: 1
  m_Materials:
  - {fileID: 2100000, guid: 413befd66bdd84d569871d0524b4685a, type: 2}
  m_StaticBatchInfo:
    firstSubMesh: 0
    subMeshCount: 0
  m_StaticBatchRoot: {fileID: 0}
  m_ProbeAnchor: {fileID: 0}
  m_LightProbeVolumeOverride: {fileID: 0}
  m_ScaleInLightmap: 1
  m_PreserveUVs: 0
  m_IgnoreNormalsForChartDetection: 0
  m_ImportantGI: 0
  m_SelectedEditorRenderState: 3
  m_MinimumChartSize: 4
  m_AutoUVMaxDistance: 0.5
  m_AutoUVMaxAngle: 89
  m_LightmapParameters: {fileID: 0}
  m_SortingLayerID: 0
  m_SortingLayer: 0
  m_SortingOrder: 0
--- !u!135 &1508687908
SphereCollider:
  m_ObjectHideFlags: 0
  m_PrefabParentObject: {fileID: 13543674, guid: a4d020d60b18649af92bb2a05e00d513,
    type: 2}
  m_PrefabInternal: {fileID: 1379201911}
  m_GameObject: {fileID: 1508687905}
  m_Material: {fileID: 0}
  m_IsTrigger: 0
  m_Enabled: 1
  serializedVersion: 2
  m_Radius: 0.5
  m_Center: {x: 0, y: 0, z: 0}
--- !u!33 &1508687909
MeshFilter:
  m_ObjectHideFlags: 0
  m_PrefabParentObject: {fileID: 3343674, guid: a4d020d60b18649af92bb2a05e00d513,
    type: 2}
  m_PrefabInternal: {fileID: 1379201911}
  m_GameObject: {fileID: 1508687905}
  m_Mesh: {fileID: 10207, guid: 0000000000000000e000000000000000, type: 0}
--- !u!1 &1521869900
GameObject:
  m_ObjectHideFlags: 0
  m_PrefabParentObject: {fileID: 124196, guid: a4d020d60b18649af92bb2a05e00d513, type: 2}
  m_PrefabInternal: {fileID: 1379201911}
  serializedVersion: 5
  m_Component:
  - component: {fileID: 1521869901}
  - component: {fileID: 1521869902}
  m_Layer: 0
  m_Name: Point light
  m_TagString: Untagged
  m_Icon: {fileID: 0}
  m_NavMeshLayer: 0
  m_StaticEditorFlags: 0
  m_IsActive: 1
--- !u!4 &1521869901
Transform:
  m_ObjectHideFlags: 0
  m_PrefabParentObject: {fileID: 424196, guid: a4d020d60b18649af92bb2a05e00d513, type: 2}
  m_PrefabInternal: {fileID: 1379201911}
  m_GameObject: {fileID: 1521869900}
  m_LocalRotation: {x: 0, y: 0, z: 0, w: 1}
  m_LocalPosition: {x: -0.11163661, y: 1.1386985, z: 0.038274024}
  m_LocalScale: {x: 0.15948157, y: 0.15948159, z: 0.15948159}
  m_Children: []
  m_Father: {fileID: 787059818}
  m_RootOrder: 1
  m_LocalEulerAnglesHint: {x: 0, y: 0, z: 0}
--- !u!108 &1521869902
Light:
  m_ObjectHideFlags: 0
  m_PrefabParentObject: {fileID: 10824192, guid: a4d020d60b18649af92bb2a05e00d513,
    type: 2}
  m_PrefabInternal: {fileID: 1379201911}
  m_GameObject: {fileID: 1521869900}
  m_Enabled: 1
  serializedVersion: 8
  m_Type: 2
  m_Color: {r: 0.9632353, g: 0.17936105, b: 0, a: 1}
  m_Intensity: 0.84
  m_Range: 288.7775
  m_SpotAngle: 30
  m_CookieSize: 10
  m_Shadows:
    m_Type: 0
    m_Resolution: -1
    m_CustomResolution: -1
    m_Strength: 1
    m_Bias: 0.05
    m_NormalBias: 0.4
    m_NearPlane: 0.2
  m_Cookie: {fileID: 0}
  m_DrawHalo: 0
  m_Flare: {fileID: 0}
  m_RenderMode: 0
  m_CullingMask:
    serializedVersion: 2
    m_Bits: 4294967295
  m_Lightmapping: 1
  m_AreaSize: {x: 1, y: 1}
  m_BounceIntensity: 1
  m_ColorTemperature: 6570
  m_UseColorTemperature: 0
  m_ShadowRadius: 0
  m_ShadowAngle: 0
--- !u!1 &1535384241
GameObject:
  m_ObjectHideFlags: 0
  m_PrefabParentObject: {fileID: 159398, guid: a4d020d60b18649af92bb2a05e00d513, type: 2}
  m_PrefabInternal: {fileID: 1379201911}
  serializedVersion: 5
  m_Component:
  - component: {fileID: 1535384242}
  - component: {fileID: 1535384244}
  - component: {fileID: 1535384243}
  m_Layer: 5
  m_Name: HowToUpResSkies
  m_TagString: Untagged
  m_Icon: {fileID: 0}
  m_NavMeshLayer: 0
  m_StaticEditorFlags: 0
  m_IsActive: 0
--- !u!224 &1535384242
RectTransform:
  m_ObjectHideFlags: 0
  m_PrefabParentObject: {fileID: 22459398, guid: a4d020d60b18649af92bb2a05e00d513,
    type: 2}
  m_PrefabInternal: {fileID: 1379201911}
  m_GameObject: {fileID: 1535384241}
  m_LocalRotation: {x: 0, y: 0, z: 0, w: 1}
  m_LocalPosition: {x: 0, y: 0, z: 0}
  m_LocalScale: {x: 8, y: 2, z: 1}
  m_Children: []
  m_Father: {fileID: 1970330492}
  m_RootOrder: 4
  m_LocalEulerAnglesHint: {x: 0, y: 0, z: 0}
  m_AnchorMin: {x: 1, y: 0}
  m_AnchorMax: {x: 1, y: 0}
  m_AnchoredPosition: {x: -287.6, y: 81.2}
  m_SizeDelta: {x: 100, y: 100}
  m_Pivot: {x: 0.5, y: 0.5}
--- !u!114 &1535384243
MonoBehaviour:
  m_ObjectHideFlags: 0
  m_PrefabParentObject: {fileID: 11459398, guid: a4d020d60b18649af92bb2a05e00d513,
    type: 2}
  m_PrefabInternal: {fileID: 1379201911}
  m_GameObject: {fileID: 1535384241}
  m_Enabled: 1
  m_EditorHideFlags: 0
  m_Script: {fileID: -765806418, guid: f5f67c52d1564df4a8936ccd202a3bd8, type: 3}
  m_Name: 
  m_EditorClassIdentifier: 
  m_Material: {fileID: 0}
  m_Color: {r: 1, g: 1, b: 1, a: 1}
  m_RaycastTarget: 1
  m_OnCullStateChanged:
    m_PersistentCalls:
      m_Calls: []
    m_TypeName: UnityEngine.UI.MaskableGraphic+CullStateChangedEvent, UnityEngine.UI,
      Version=1.0.0.0, Culture=neutral, PublicKeyToken=null
  m_Sprite: {fileID: 21300000, guid: 5f86fefc3a6bd4b1998b38ab48808f10, type: 3}
  m_Type: 0
  m_PreserveAspect: 0
  m_FillCenter: 1
  m_FillMethod: 4
  m_FillAmount: 1
  m_FillClockwise: 1
  m_FillOrigin: 0
--- !u!222 &1535384244
CanvasRenderer:
  m_ObjectHideFlags: 0
  m_PrefabParentObject: {fileID: 22259398, guid: a4d020d60b18649af92bb2a05e00d513,
    type: 2}
  m_PrefabInternal: {fileID: 1379201911}
  m_GameObject: {fileID: 1535384241}
--- !u!1 &1571895207
GameObject:
  m_ObjectHideFlags: 0
  m_PrefabParentObject: {fileID: 124192, guid: a4d020d60b18649af92bb2a05e00d513, type: 2}
  m_PrefabInternal: {fileID: 1379201911}
  serializedVersion: 5
  m_Component:
  - component: {fileID: 1571895208}
  - component: {fileID: 1571895209}
  m_Layer: 0
  m_Name: MountainGlow
  m_TagString: Untagged
  m_Icon: {fileID: 0}
  m_NavMeshLayer: 0
  m_StaticEditorFlags: 0
  m_IsActive: 1
--- !u!4 &1571895208
Transform:
  m_ObjectHideFlags: 0
  m_PrefabParentObject: {fileID: 424192, guid: a4d020d60b18649af92bb2a05e00d513, type: 2}
  m_PrefabInternal: {fileID: 1379201911}
  m_GameObject: {fileID: 1571895207}
  m_LocalRotation: {x: 0, y: 0, z: 0, w: 1}
  m_LocalPosition: {x: 0, y: 0.61, z: 0}
  m_LocalScale: {x: 0.06934206, y: 0.06934206, z: 0.06934206}
  m_Children: []
  m_Father: {fileID: 787059818}
  m_RootOrder: 0
  m_LocalEulerAnglesHint: {x: 0, y: 0, z: 0}
--- !u!123 &1571895209
LensFlare:
  m_ObjectHideFlags: 0
  m_PrefabParentObject: {fileID: 12324192, guid: a4d020d60b18649af92bb2a05e00d513,
    type: 2}
  m_PrefabInternal: {fileID: 1379201911}
  m_GameObject: {fileID: 1571895207}
  m_Enabled: 1
  m_Flare: {fileID: 12100000, guid: 4bd4faf9a6beb484485deba5aeb62c81, type: 2}
  m_Color: {r: 0.8235294, g: 0.15334684, b: 0, a: 1}
  m_Brightness: 0.2
  m_FadeSpeed: 0.1
  m_IgnoreLayers:
    serializedVersion: 2
    m_Bits: 6
  m_Directional: 0
--- !u!1 &1587678536
GameObject:
  m_ObjectHideFlags: 0
  m_PrefabParentObject: {fileID: 165720, guid: a4d020d60b18649af92bb2a05e00d513, type: 2}
  m_PrefabInternal: {fileID: 1379201911}
  serializedVersion: 5
  m_Component:
  - component: {fileID: 1587678537}
  - component: {fileID: 1587678540}
  - component: {fileID: 1587678539}
  - component: {fileID: 1587678538}
  m_Layer: 0
  m_Name: MountainGlowObject
  m_TagString: Untagged
  m_Icon: {fileID: 0}
  m_NavMeshLayer: 0
  m_StaticEditorFlags: 0
  m_IsActive: 1
--- !u!4 &1587678537
Transform:
  m_ObjectHideFlags: 0
  m_PrefabParentObject: {fileID: 465720, guid: a4d020d60b18649af92bb2a05e00d513, type: 2}
  m_PrefabInternal: {fileID: 1379201911}
  m_GameObject: {fileID: 1587678536}
  m_LocalRotation: {x: 0, y: 0, z: 0, w: 1}
  m_LocalPosition: {x: -559.2, y: 278.1, z: 528.9}
  m_LocalScale: {x: 9.436284, y: 9.436287, z: 9.436287}
  m_Children:
  - {fileID: 175775664}
  - {fileID: 2140672917}
  m_Father: {fileID: 1955592197}
  m_RootOrder: 17
  m_LocalEulerAnglesHint: {x: 0, y: 0, z: 0}
--- !u!23 &1587678538
MeshRenderer:
  m_ObjectHideFlags: 0
  m_PrefabParentObject: {fileID: 2365722, guid: a4d020d60b18649af92bb2a05e00d513,
    type: 2}
  m_PrefabInternal: {fileID: 1379201911}
  m_GameObject: {fileID: 1587678536}
  m_Enabled: 1
  m_CastShadows: 1
  m_ReceiveShadows: 1
  m_MotionVectors: 1
  m_LightProbeUsage: 0
  m_ReflectionProbeUsage: 1
  m_Materials:
  - {fileID: 2100000, guid: 413befd66bdd84d569871d0524b4685a, type: 2}
  m_StaticBatchInfo:
    firstSubMesh: 0
    subMeshCount: 0
  m_StaticBatchRoot: {fileID: 0}
  m_ProbeAnchor: {fileID: 0}
  m_LightProbeVolumeOverride: {fileID: 0}
  m_ScaleInLightmap: 1
  m_PreserveUVs: 0
  m_IgnoreNormalsForChartDetection: 0
  m_ImportantGI: 0
  m_SelectedEditorRenderState: 3
  m_MinimumChartSize: 4
  m_AutoUVMaxDistance: 0.5
  m_AutoUVMaxAngle: 89
  m_LightmapParameters: {fileID: 0}
  m_SortingLayerID: 0
  m_SortingLayer: 0
  m_SortingOrder: 0
--- !u!135 &1587678539
SphereCollider:
  m_ObjectHideFlags: 0
  m_PrefabParentObject: {fileID: 13565722, guid: a4d020d60b18649af92bb2a05e00d513,
    type: 2}
  m_PrefabInternal: {fileID: 1379201911}
  m_GameObject: {fileID: 1587678536}
  m_Material: {fileID: 0}
  m_IsTrigger: 0
  m_Enabled: 1
  serializedVersion: 2
  m_Radius: 0.5
  m_Center: {x: 0, y: 0, z: 0}
--- !u!33 &1587678540
MeshFilter:
  m_ObjectHideFlags: 0
  m_PrefabParentObject: {fileID: 3365722, guid: a4d020d60b18649af92bb2a05e00d513,
    type: 2}
  m_PrefabInternal: {fileID: 1379201911}
  m_GameObject: {fileID: 1587678536}
  m_Mesh: {fileID: 10207, guid: 0000000000000000e000000000000000, type: 0}
--- !u!1 &1616706550
GameObject:
  m_ObjectHideFlags: 0
  m_PrefabParentObject: {fileID: 127676, guid: a4d020d60b18649af92bb2a05e00d513, type: 2}
  m_PrefabInternal: {fileID: 1379201911}
  serializedVersion: 5
  m_Component:
  - component: {fileID: 1616706551}
  - component: {fileID: 1616706553}
  - component: {fileID: 1616706552}
  m_Layer: 5
  m_Name: Gradient
  m_TagString: Untagged
  m_Icon: {fileID: 0}
  m_NavMeshLayer: 0
  m_StaticEditorFlags: 0
  m_IsActive: 1
--- !u!224 &1616706551
RectTransform:
  m_ObjectHideFlags: 0
  m_PrefabParentObject: {fileID: 22427676, guid: a4d020d60b18649af92bb2a05e00d513,
    type: 2}
  m_PrefabInternal: {fileID: 1379201911}
  m_GameObject: {fileID: 1616706550}
  m_LocalRotation: {x: 0, y: 0, z: 0, w: 1}
  m_LocalPosition: {x: 0, y: 0, z: 0}
  m_LocalScale: {x: 1, y: 1, z: 1}
  m_Children: []
  m_Father: {fileID: 1970330492}
  m_RootOrder: 0
  m_LocalEulerAnglesHint: {x: 0, y: 0, z: 0}
  m_AnchorMin: {x: 0, y: 0}
  m_AnchorMax: {x: 1, y: 0}
  m_AnchoredPosition: {x: 0, y: 45.100006}
  m_SizeDelta: {x: 0, y: 100}
  m_Pivot: {x: 0.5, y: 0.5}
--- !u!114 &1616706552
MonoBehaviour:
  m_ObjectHideFlags: 0
  m_PrefabParentObject: {fileID: 11427676, guid: a4d020d60b18649af92bb2a05e00d513,
    type: 2}
  m_PrefabInternal: {fileID: 1379201911}
  m_GameObject: {fileID: 1616706550}
  m_Enabled: 1
  m_EditorHideFlags: 0
  m_Script: {fileID: -765806418, guid: f5f67c52d1564df4a8936ccd202a3bd8, type: 3}
  m_Name: 
  m_EditorClassIdentifier: 
  m_Material: {fileID: 0}
  m_Color: {r: 1, g: 1, b: 1, a: 1}
  m_RaycastTarget: 1
  m_OnCullStateChanged:
    m_PersistentCalls:
      m_Calls: []
    m_TypeName: UnityEngine.UI.MaskableGraphic+CullStateChangedEvent, UnityEngine.UI,
      Version=1.0.0.0, Culture=neutral, PublicKeyToken=null
  m_Sprite: {fileID: 21300000, guid: 5fcdc8d88900447cbacc2451e4e54427, type: 3}
  m_Type: 0
  m_PreserveAspect: 0
  m_FillCenter: 1
  m_FillMethod: 4
  m_FillAmount: 1
  m_FillClockwise: 1
  m_FillOrigin: 0
--- !u!222 &1616706553
CanvasRenderer:
  m_ObjectHideFlags: 0
  m_PrefabParentObject: {fileID: 22227676, guid: a4d020d60b18649af92bb2a05e00d513,
    type: 2}
  m_PrefabInternal: {fileID: 1379201911}
  m_GameObject: {fileID: 1616706550}
--- !u!1 &1827984471
GameObject:
  m_ObjectHideFlags: 0
  m_PrefabParentObject: {fileID: 109846, guid: a4d020d60b18649af92bb2a05e00d513, type: 2}
  m_PrefabInternal: {fileID: 1379201911}
  serializedVersion: 5
  m_Component:
  - component: {fileID: 1827984472}
  - component: {fileID: 1827984473}
  m_Layer: 0
  m_Name: Point light
  m_TagString: Untagged
  m_Icon: {fileID: 0}
  m_NavMeshLayer: 0
  m_StaticEditorFlags: 0
  m_IsActive: 1
--- !u!4 &1827984472
Transform:
  m_ObjectHideFlags: 0
  m_PrefabParentObject: {fileID: 409846, guid: a4d020d60b18649af92bb2a05e00d513, type: 2}
  m_PrefabInternal: {fileID: 1379201911}
  m_GameObject: {fileID: 1827984471}
  m_LocalRotation: {x: 0, y: 0, z: 0, w: 1}
  m_LocalPosition: {x: 8.2, y: 18.2, z: 45.3}
  m_LocalScale: {x: 1, y: 1, z: 1}
  m_Children: []
  m_Father: {fileID: 1955592197}
  m_RootOrder: 5
  m_LocalEulerAnglesHint: {x: 0, y: 0, z: 0}
--- !u!108 &1827984473
Light:
  m_ObjectHideFlags: 0
  m_PrefabParentObject: {fileID: 10809846, guid: a4d020d60b18649af92bb2a05e00d513,
    type: 2}
  m_PrefabInternal: {fileID: 1379201911}
  m_GameObject: {fileID: 1827984471}
  m_Enabled: 1
  serializedVersion: 8
  m_Type: 2
  m_Color: {r: 1, g: 0.5939148, b: 0.33088237, a: 1}
  m_Intensity: 0.79774064
  m_Range: 69.46
  m_SpotAngle: 30
  m_CookieSize: 10
  m_Shadows:
    m_Type: 0
    m_Resolution: -1
    m_CustomResolution: -1
    m_Strength: 1
    m_Bias: 0.05
    m_NormalBias: 0.4
    m_NearPlane: 0.2
  m_Cookie: {fileID: 0}
  m_DrawHalo: 0
  m_Flare: {fileID: 0}
  m_RenderMode: 0
  m_CullingMask:
    serializedVersion: 2
    m_Bits: 4294967295
  m_Lightmapping: 1
  m_AreaSize: {x: 1, y: 1}
  m_BounceIntensity: 1
  m_ColorTemperature: 6570
  m_UseColorTemperature: 0
  m_ShadowRadius: 0
  m_ShadowAngle: 0
--- !u!1 &1882464914
GameObject:
  m_ObjectHideFlags: 0
  m_PrefabParentObject: {fileID: 129746, guid: a4d020d60b18649af92bb2a05e00d513, type: 2}
  m_PrefabInternal: {fileID: 1379201911}
  serializedVersion: 5
  m_Component:
  - component: {fileID: 1882464919}
  - component: {fileID: 1882464915}
  - component: {fileID: 1882464918}
  - component: {fileID: 1882464917}
  - component: {fileID: 1882464916}
  m_Layer: 0
  m_Name: Camera
  m_TagString: Untagged
  m_Icon: {fileID: 0}
  m_NavMeshLayer: 0
  m_StaticEditorFlags: 0
  m_IsActive: 1
--- !u!20 &1882464915
Camera:
  m_ObjectHideFlags: 0
  m_PrefabParentObject: {fileID: 2029746, guid: a4d020d60b18649af92bb2a05e00d513,
    type: 2}
  m_PrefabInternal: {fileID: 1379201911}
  m_GameObject: {fileID: 1882464914}
  m_Enabled: 1
  serializedVersion: 2
  m_ClearFlags: 1
  m_BackGroundColor: {r: 0.19215687, g: 0.3019608, b: 0.4745098, a: 0.019607844}
  m_NormalizedViewPortRect:
    serializedVersion: 2
    x: 0
    y: 0
    width: 1
    height: 1
  near clip plane: 0.3
  far clip plane: 1000
  field of view: 80
  orthographic: 0
  orthographic size: 5
  m_Depth: 0
  m_CullingMask:
    serializedVersion: 2
    m_Bits: 4294967295
  m_RenderingPath: 1
  m_TargetTexture: {fileID: 0}
  m_TargetDisplay: 0
  m_TargetEye: 3
  m_HDR: 0
  m_AllowMSAA: 1
  m_ForceIntoRT: 0
  m_OcclusionCulling: 1
  m_StereoConvergence: 10
  m_StereoSeparation: 0.022
  m_StereoMirrorMode: 0
--- !u!81 &1882464916
AudioListener:
  m_ObjectHideFlags: 0
  m_PrefabParentObject: {fileID: 8129746, guid: a4d020d60b18649af92bb2a05e00d513,
    type: 2}
  m_PrefabInternal: {fileID: 1379201911}
  m_GameObject: {fileID: 1882464914}
  m_Enabled: 1
--- !u!92 &1882464917
Behaviour:
  m_ObjectHideFlags: 0
  m_PrefabParentObject: {fileID: 9229746, guid: a4d020d60b18649af92bb2a05e00d513,
    type: 2}
  m_PrefabInternal: {fileID: 1379201911}
  m_GameObject: {fileID: 1882464914}
  m_Enabled: 1
--- !u!124 &1882464918
Behaviour:
  m_ObjectHideFlags: 0
  m_PrefabParentObject: {fileID: 12429746, guid: a4d020d60b18649af92bb2a05e00d513,
    type: 2}
  m_PrefabInternal: {fileID: 1379201911}
  m_GameObject: {fileID: 1882464914}
  m_Enabled: 1
--- !u!4 &1882464919
Transform:
  m_ObjectHideFlags: 0
  m_PrefabParentObject: {fileID: 429746, guid: a4d020d60b18649af92bb2a05e00d513, type: 2}
  m_PrefabInternal: {fileID: 1379201911}
  m_GameObject: {fileID: 1882464914}
  m_LocalRotation: {x: -0.07414172, y: 0.5446158, z: 0.04971558, w: 0.8339215}
  m_LocalPosition: {x: -155.7, y: 84.5, z: -67.5}
  m_LocalScale: {x: 1, y: 1, z: 1}
  m_Children: []
  m_Father: {fileID: 1955592197}
  m_RootOrder: 2
  m_LocalEulerAnglesHint: {x: -10.242001, y: 66.284004, z: 0.126}
--- !u!1 &1955592196
GameObject:
  m_ObjectHideFlags: 0
  m_PrefabParentObject: {fileID: 159908, guid: a4d020d60b18649af92bb2a05e00d513, type: 2}
  m_PrefabInternal: {fileID: 1379201911}
  serializedVersion: 5
  m_Component:
  - component: {fileID: 1955592197}
  m_Layer: 0
  m_Name: AllSkyDemoEnvironment_Unity4
  m_TagString: Untagged
  m_Icon: {fileID: 0}
  m_NavMeshLayer: 0
  m_StaticEditorFlags: 0
  m_IsActive: 1
--- !u!4 &1955592197
Transform:
  m_ObjectHideFlags: 0
  m_PrefabParentObject: {fileID: 459908, guid: a4d020d60b18649af92bb2a05e00d513, type: 2}
  m_PrefabInternal: {fileID: 1379201911}
  m_GameObject: {fileID: 1955592196}
  m_LocalRotation: {x: 0, y: 0, z: 0, w: 1}
  m_LocalPosition: {x: -0, y: 0, z: 0}
  m_LocalScale: {x: 1, y: 1, z: 1}
  m_Children:
  - {fileID: 1249553565}
  - {fileID: 6719148}
  - {fileID: 1882464919}
  - {fileID: 17871723}
  - {fileID: 618320020}
  - {fileID: 1827984472}
  - {fileID: 396548786}
  - {fileID: 1202477163}
  - {fileID: 375117734}
  - {fileID: 2053126580}
  - {fileID: 947721323}
  - {fileID: 263967664}
  - {fileID: 1256507005}
  - {fileID: 1974922532}
  - {fileID: 2131304198}
  - {fileID: 392846874}
  - {fileID: 1508687906}
  - {fileID: 1587678537}
  - {fileID: 787059818}
  - {fileID: 1970330492}
  m_Father: {fileID: 0}
  m_RootOrder: 1
  m_LocalEulerAnglesHint: {x: 0, y: 0, z: 0}
--- !u!1 &1970330491
GameObject:
  m_ObjectHideFlags: 0
  m_PrefabParentObject: {fileID: 118414, guid: a4d020d60b18649af92bb2a05e00d513, type: 2}
  m_PrefabInternal: {fileID: 1379201911}
  serializedVersion: 5
  m_Component:
  - component: {fileID: 1970330492}
  - component: {fileID: 1970330495}
  - component: {fileID: 1970330494}
  - component: {fileID: 1970330493}
  m_Layer: 5
  m_Name: Canvas
  m_TagString: Untagged
  m_Icon: {fileID: 0}
  m_NavMeshLayer: 0
  m_StaticEditorFlags: 0
  m_IsActive: 1
--- !u!224 &1970330492
RectTransform:
  m_ObjectHideFlags: 0
  m_PrefabParentObject: {fileID: 22418414, guid: a4d020d60b18649af92bb2a05e00d513,
    type: 2}
  m_PrefabInternal: {fileID: 1379201911}
  m_GameObject: {fileID: 1970330491}
  m_LocalRotation: {x: 0, y: 0, z: 0, w: 1}
  m_LocalPosition: {x: 0, y: 0, z: 0}
  m_LocalScale: {x: 0, y: 0, z: 0}
  m_Children:
  - {fileID: 1616706551}
  - {fileID: 469117868}
  - {fileID: 271761010}
  - {fileID: 961908116}
  - {fileID: 1535384242}
  m_Father: {fileID: 1955592197}
  m_RootOrder: 19
  m_LocalEulerAnglesHint: {x: 0, y: 0, z: 0}
  m_AnchorMin: {x: 0, y: 0}
  m_AnchorMax: {x: 0, y: 0}
  m_AnchoredPosition: {x: 0, y: 0}
  m_SizeDelta: {x: 0, y: 0}
  m_Pivot: {x: 0, y: 0}
--- !u!114 &1970330493
MonoBehaviour:
  m_ObjectHideFlags: 0
  m_PrefabParentObject: {fileID: 11418414, guid: a4d020d60b18649af92bb2a05e00d513,
    type: 2}
  m_PrefabInternal: {fileID: 1379201911}
  m_GameObject: {fileID: 1970330491}
  m_Enabled: 1
  m_EditorHideFlags: 0
  m_Script: {fileID: 1301386320, guid: f5f67c52d1564df4a8936ccd202a3bd8, type: 3}
  m_Name: 
  m_EditorClassIdentifier: 
  m_IgnoreReversedGraphics: 1
  m_BlockingObjects: 0
  m_BlockingMask:
    serializedVersion: 2
    m_Bits: 4294967295
--- !u!114 &1970330494
MonoBehaviour:
  m_ObjectHideFlags: 0
  m_PrefabParentObject: {fileID: 11418412, guid: a4d020d60b18649af92bb2a05e00d513,
    type: 2}
  m_PrefabInternal: {fileID: 1379201911}
  m_GameObject: {fileID: 1970330491}
  m_Enabled: 1
  m_EditorHideFlags: 0
  m_Script: {fileID: 1980459831, guid: f5f67c52d1564df4a8936ccd202a3bd8, type: 3}
  m_Name: 
  m_EditorClassIdentifier: 
  m_UiScaleMode: 0
  m_ReferencePixelsPerUnit: 100
  m_ScaleFactor: 1
  m_ReferenceResolution: {x: 800, y: 600}
  m_ScreenMatchMode: 0
  m_MatchWidthOrHeight: 0.71
  m_PhysicalUnit: 3
  m_FallbackScreenDPI: 96
  m_DefaultSpriteDPI: 96
  m_DynamicPixelsPerUnit: 1
--- !u!223 &1970330495
Canvas:
  m_ObjectHideFlags: 0
  m_PrefabParentObject: {fileID: 22318418, guid: a4d020d60b18649af92bb2a05e00d513,
    type: 2}
  m_PrefabInternal: {fileID: 1379201911}
  m_GameObject: {fileID: 1970330491}
  m_Enabled: 1
  serializedVersion: 3
  m_RenderMode: 1
  m_Camera: {fileID: 1882464915}
  m_PlaneDistance: 5
  m_PixelPerfect: 0
  m_ReceivesEvents: 1
  m_OverrideSorting: 0
  m_OverridePixelPerfect: 0
  m_SortingBucketNormalizedSize: 0
  m_AdditionalShaderChannelsFlag: 25
  m_SortingLayerID: 0
  m_SortingOrder: 0
  m_TargetDisplay: 0
--- !u!1 &1974922531
GameObject:
  m_ObjectHideFlags: 0
  m_PrefabParentObject: {fileID: 111522, guid: a4d020d60b18649af92bb2a05e00d513, type: 2}
  m_PrefabInternal: {fileID: 1379201911}
  serializedVersion: 5
  m_Component:
  - component: {fileID: 1974922532}
  - component: {fileID: 1974922535}
  - component: {fileID: 1974922534}
  - component: {fileID: 1974922533}
  m_Layer: 0
  m_Name: AllSky_DemoEnvironment_Light
  m_TagString: Untagged
  m_Icon: {fileID: 0}
  m_NavMeshLayer: 0
  m_StaticEditorFlags: 0
  m_IsActive: 1
--- !u!4 &1974922532
Transform:
  m_ObjectHideFlags: 0
  m_PrefabParentObject: {fileID: 411522, guid: a4d020d60b18649af92bb2a05e00d513, type: 2}
  m_PrefabInternal: {fileID: 1379201911}
  m_GameObject: {fileID: 1974922531}
  m_LocalRotation: {x: -0.70356476, y: 0.07068698, z: 0.07068698, w: 0.70356476}
  m_LocalPosition: {x: 70.64, y: 17.02, z: -11.6}
  m_LocalScale: {x: 1, y: 1, z: 1}
  m_Children: []
  m_Father: {fileID: 1955592197}
  m_RootOrder: 13
  m_LocalEulerAnglesHint: {x: 0, y: 0, z: 0}
--- !u!95 &1974922533
Animator:
  serializedVersion: 3
  m_ObjectHideFlags: 0
  m_PrefabParentObject: {fileID: 9511524, guid: a4d020d60b18649af92bb2a05e00d513,
    type: 2}
  m_PrefabInternal: {fileID: 1379201911}
  m_GameObject: {fileID: 1974922531}
  m_Enabled: 1
  m_Avatar: {fileID: 9000000, guid: a86608a16093647c082aa3ccf69d2558, type: 3}
  m_Controller: {fileID: 0}
  m_CullingMode: 0
  m_UpdateMode: 0
  m_ApplyRootMotion: 1
  m_LinearVelocityBlending: 0
  m_WarningMessage: 
  m_HasTransformHierarchy: 1
  m_AllowConstantClipSamplingOptimization: 1
--- !u!23 &1974922534
MeshRenderer:
  m_ObjectHideFlags: 0
  m_PrefabParentObject: {fileID: 2311524, guid: a4d020d60b18649af92bb2a05e00d513,
    type: 2}
  m_PrefabInternal: {fileID: 1379201911}
  m_GameObject: {fileID: 1974922531}
  m_Enabled: 1
  m_CastShadows: 1
  m_ReceiveShadows: 1
  m_MotionVectors: 1
  m_LightProbeUsage: 0
  m_ReflectionProbeUsage: 1
  m_Materials:
  - {fileID: 2100000, guid: 05aa87d4636d34850a6f48daedd1b55c, type: 2}
  - {fileID: 2100000, guid: a7f9f8058b27648f4ba9ed54ced4ac00, type: 2}
  m_StaticBatchInfo:
    firstSubMesh: 0
    subMeshCount: 0
  m_StaticBatchRoot: {fileID: 0}
  m_ProbeAnchor: {fileID: 0}
  m_LightProbeVolumeOverride: {fileID: 0}
  m_ScaleInLightmap: 1
  m_PreserveUVs: 0
  m_IgnoreNormalsForChartDetection: 0
  m_ImportantGI: 0
  m_SelectedEditorRenderState: 3
  m_MinimumChartSize: 4
  m_AutoUVMaxDistance: 0.5
  m_AutoUVMaxAngle: 89
  m_LightmapParameters: {fileID: 0}
  m_SortingLayerID: 0
  m_SortingLayer: 0
  m_SortingOrder: 0
--- !u!33 &1974922535
MeshFilter:
  m_ObjectHideFlags: 0
  m_PrefabParentObject: {fileID: 3311524, guid: a4d020d60b18649af92bb2a05e00d513,
    type: 2}
  m_PrefabInternal: {fileID: 1379201911}
  m_GameObject: {fileID: 1974922531}
  m_Mesh: {fileID: 4300000, guid: a86608a16093647c082aa3ccf69d2558, type: 3}
--- !u!1 &2053126579
GameObject:
  m_ObjectHideFlags: 0
  m_PrefabParentObject: {fileID: 101872, guid: a4d020d60b18649af92bb2a05e00d513, type: 2}
  m_PrefabInternal: {fileID: 1379201911}
  serializedVersion: 5
  m_Component:
  - component: {fileID: 2053126580}
  - component: {fileID: 2053126583}
  - component: {fileID: 2053126582}
  - component: {fileID: 2053126581}
  m_Layer: 0
  m_Name: AllSky_DemoEnvironment_Light
  m_TagString: Untagged
  m_Icon: {fileID: 0}
  m_NavMeshLayer: 0
  m_StaticEditorFlags: 0
  m_IsActive: 1
--- !u!4 &2053126580
Transform:
  m_ObjectHideFlags: 0
  m_PrefabParentObject: {fileID: 401872, guid: a4d020d60b18649af92bb2a05e00d513, type: 2}
  m_PrefabInternal: {fileID: 1379201911}
  m_GameObject: {fileID: 2053126579}
  m_LocalRotation: {x: -0.70356476, y: 0.07068687, z: 0.070686854, w: 0.70356476}
  m_LocalPosition: {x: 5.1, y: 18.93, z: 66.29}
  m_LocalScale: {x: 1, y: 1, z: 1}
  m_Children: []
  m_Father: {fileID: 1955592197}
  m_RootOrder: 9
  m_LocalEulerAnglesHint: {x: 0, y: 0, z: 0}
--- !u!95 &2053126581
Animator:
  serializedVersion: 3
  m_ObjectHideFlags: 0
  m_PrefabParentObject: {fileID: 9501872, guid: a4d020d60b18649af92bb2a05e00d513,
    type: 2}
  m_PrefabInternal: {fileID: 1379201911}
  m_GameObject: {fileID: 2053126579}
  m_Enabled: 1
  m_Avatar: {fileID: 9000000, guid: a86608a16093647c082aa3ccf69d2558, type: 3}
  m_Controller: {fileID: 0}
  m_CullingMode: 0
  m_UpdateMode: 0
  m_ApplyRootMotion: 1
  m_LinearVelocityBlending: 0
  m_WarningMessage: 
  m_HasTransformHierarchy: 1
  m_AllowConstantClipSamplingOptimization: 1
--- !u!23 &2053126582
MeshRenderer:
  m_ObjectHideFlags: 0
  m_PrefabParentObject: {fileID: 2301872, guid: a4d020d60b18649af92bb2a05e00d513,
    type: 2}
  m_PrefabInternal: {fileID: 1379201911}
  m_GameObject: {fileID: 2053126579}
  m_Enabled: 1
  m_CastShadows: 1
  m_ReceiveShadows: 1
  m_MotionVectors: 1
  m_LightProbeUsage: 0
  m_ReflectionProbeUsage: 1
  m_Materials:
  - {fileID: 2100000, guid: 05aa87d4636d34850a6f48daedd1b55c, type: 2}
  - {fileID: 2100000, guid: a7f9f8058b27648f4ba9ed54ced4ac00, type: 2}
  m_StaticBatchInfo:
    firstSubMesh: 0
    subMeshCount: 0
  m_StaticBatchRoot: {fileID: 0}
  m_ProbeAnchor: {fileID: 0}
  m_LightProbeVolumeOverride: {fileID: 0}
  m_ScaleInLightmap: 1
  m_PreserveUVs: 0
  m_IgnoreNormalsForChartDetection: 0
  m_ImportantGI: 0
  m_SelectedEditorRenderState: 3
  m_MinimumChartSize: 4
  m_AutoUVMaxDistance: 0.5
  m_AutoUVMaxAngle: 89
  m_LightmapParameters: {fileID: 0}
  m_SortingLayerID: 0
  m_SortingLayer: 0
  m_SortingOrder: 0
--- !u!33 &2053126583
MeshFilter:
  m_ObjectHideFlags: 0
  m_PrefabParentObject: {fileID: 3301872, guid: a4d020d60b18649af92bb2a05e00d513,
    type: 2}
  m_PrefabInternal: {fileID: 1379201911}
  m_GameObject: {fileID: 2053126579}
  m_Mesh: {fileID: 4300000, guid: a86608a16093647c082aa3ccf69d2558, type: 3}
--- !u!1 &2131304197
GameObject:
  m_ObjectHideFlags: 0
  m_PrefabParentObject: {fileID: 101870, guid: a4d020d60b18649af92bb2a05e00d513, type: 2}
  m_PrefabInternal: {fileID: 1379201911}
  serializedVersion: 5
  m_Component:
  - component: {fileID: 2131304198}
  - component: {fileID: 2131304201}
  - component: {fileID: 2131304200}
  - component: {fileID: 2131304199}
  m_Layer: 0
  m_Name: AllSky_DemoEnvironment_Light
  m_TagString: Untagged
  m_Icon: {fileID: 0}
  m_NavMeshLayer: 0
  m_StaticEditorFlags: 0
  m_IsActive: 1
--- !u!4 &2131304198
Transform:
  m_ObjectHideFlags: 0
  m_PrefabParentObject: {fileID: 401870, guid: a4d020d60b18649af92bb2a05e00d513, type: 2}
  m_PrefabInternal: {fileID: 1379201911}
  m_GameObject: {fileID: 2131304197}
  m_LocalRotation: {x: 0.0660789, y: 0.7040125, z: 0.7040125, w: -0.066078864}
  m_LocalPosition: {x: -67.93, y: 17, z: 13.85}
  m_LocalScale: {x: 1, y: 1, z: 1}
  m_Children: []
  m_Father: {fileID: 1955592197}
  m_RootOrder: 14
  m_LocalEulerAnglesHint: {x: 0, y: 0, z: 0}
--- !u!95 &2131304199
Animator:
  serializedVersion: 3
  m_ObjectHideFlags: 0
  m_PrefabParentObject: {fileID: 9501870, guid: a4d020d60b18649af92bb2a05e00d513,
    type: 2}
  m_PrefabInternal: {fileID: 1379201911}
  m_GameObject: {fileID: 2131304197}
  m_Enabled: 1
  m_Avatar: {fileID: 9000000, guid: a86608a16093647c082aa3ccf69d2558, type: 3}
  m_Controller: {fileID: 0}
  m_CullingMode: 0
  m_UpdateMode: 0
  m_ApplyRootMotion: 1
  m_LinearVelocityBlending: 0
  m_WarningMessage: 
  m_HasTransformHierarchy: 1
  m_AllowConstantClipSamplingOptimization: 1
--- !u!23 &2131304200
MeshRenderer:
  m_ObjectHideFlags: 0
  m_PrefabParentObject: {fileID: 2301870, guid: a4d020d60b18649af92bb2a05e00d513,
    type: 2}
  m_PrefabInternal: {fileID: 1379201911}
  m_GameObject: {fileID: 2131304197}
  m_Enabled: 1
  m_CastShadows: 1
  m_ReceiveShadows: 1
  m_MotionVectors: 1
  m_LightProbeUsage: 0
  m_ReflectionProbeUsage: 1
  m_Materials:
  - {fileID: 2100000, guid: 05aa87d4636d34850a6f48daedd1b55c, type: 2}
  - {fileID: 2100000, guid: a7f9f8058b27648f4ba9ed54ced4ac00, type: 2}
  m_StaticBatchInfo:
    firstSubMesh: 0
    subMeshCount: 0
  m_StaticBatchRoot: {fileID: 0}
  m_ProbeAnchor: {fileID: 0}
  m_LightProbeVolumeOverride: {fileID: 0}
  m_ScaleInLightmap: 1
  m_PreserveUVs: 0
  m_IgnoreNormalsForChartDetection: 0
  m_ImportantGI: 0
  m_SelectedEditorRenderState: 3
  m_MinimumChartSize: 4
  m_AutoUVMaxDistance: 0.5
  m_AutoUVMaxAngle: 89
  m_LightmapParameters: {fileID: 0}
  m_SortingLayerID: 0
  m_SortingLayer: 0
  m_SortingOrder: 0
--- !u!33 &2131304201
MeshFilter:
  m_ObjectHideFlags: 0
  m_PrefabParentObject: {fileID: 3301870, guid: a4d020d60b18649af92bb2a05e00d513,
    type: 2}
  m_PrefabInternal: {fileID: 1379201911}
  m_GameObject: {fileID: 2131304197}
  m_Mesh: {fileID: 4300000, guid: a86608a16093647c082aa3ccf69d2558, type: 3}
--- !u!1 &2140672916
GameObject:
  m_ObjectHideFlags: 0
  m_PrefabParentObject: {fileID: 181006, guid: a4d020d60b18649af92bb2a05e00d513, type: 2}
  m_PrefabInternal: {fileID: 1379201911}
  serializedVersion: 5
  m_Component:
  - component: {fileID: 2140672917}
  - component: {fileID: 2140672918}
  m_Layer: 0
  m_Name: Point light
  m_TagString: Untagged
  m_Icon: {fileID: 0}
  m_NavMeshLayer: 0
  m_StaticEditorFlags: 0
  m_IsActive: 1
--- !u!4 &2140672917
Transform:
  m_ObjectHideFlags: 0
  m_PrefabParentObject: {fileID: 481006, guid: a4d020d60b18649af92bb2a05e00d513, type: 2}
  m_PrefabInternal: {fileID: 1379201911}
  m_GameObject: {fileID: 2140672916}
  m_LocalRotation: {x: 0, y: 0, z: 0, w: 1}
  m_LocalPosition: {x: -0.11163661, y: 1.1386985, z: 0.038274024}
  m_LocalScale: {x: 0.15948157, y: 0.15948159, z: 0.15948159}
  m_Children: []
  m_Father: {fileID: 1587678537}
  m_RootOrder: 1
  m_LocalEulerAnglesHint: {x: 0, y: 0, z: 0}
--- !u!108 &2140672918
Light:
  m_ObjectHideFlags: 0
  m_PrefabParentObject: {fileID: 10881006, guid: a4d020d60b18649af92bb2a05e00d513,
    type: 2}
  m_PrefabInternal: {fileID: 1379201911}
  m_GameObject: {fileID: 2140672916}
  m_Enabled: 1
  serializedVersion: 8
  m_Type: 2
  m_Color: {r: 0.9632353, g: 0.17936105, b: 0, a: 1}
  m_Intensity: 0.84
  m_Range: 288.7775
  m_SpotAngle: 30
  m_CookieSize: 10
  m_Shadows:
    m_Type: 0
    m_Resolution: -1
    m_CustomResolution: -1
    m_Strength: 1
    m_Bias: 0.05
    m_NormalBias: 0.4
    m_NearPlane: 0.2
  m_Cookie: {fileID: 0}
  m_DrawHalo: 0
  m_Flare: {fileID: 0}
  m_RenderMode: 0
  m_CullingMask:
    serializedVersion: 2
    m_Bits: 4294967295
  m_Lightmapping: 1
  m_AreaSize: {x: 1, y: 1}
  m_BounceIntensity: 1
  m_ColorTemperature: 6570
  m_UseColorTemperature: 0
  m_ShadowRadius: 0
  m_ShadowAngle: 0
